2422 3998
94 173 171 229 XXX

96 317 132 406 (f.
143 326 245 384 53aa.
263 315 370 404 68b1)
385 341 451 383 eum
465 323 621 385 Avicenna
635 316 687 401 (cf.
698 323 729 383 Z.
740 324 759 382 f.
769 324 797 382 d.
807 323 870 383 Alt.
880 343 909 383 n.
919 323 954 382 1⁴¹.
961 323 1017 399 vl,
1029 326 1066 384 34

96 413 185 473 huius
222 413 337 473 scilicet
374 407 528 490 tmagistri
564 406 741 472 cardinalis’
777 431 857 472 nunc
893 413 985 488 plane
1019 413 1065 492 igr

97 502 277 580 exemplaria
299 502 436 562 feruntur
458 502 531 562 satis
556 501 682 579 antiqua
705 496 751 581 (et
768 502 882 562 saeculi
900 495 990 584 XIII)
1015 503 1065 562 Ilii

97 593 164 651 diae
187 611 222 651 ex
245 590 436 650 celeberrima
458 590 639 651 bibliotheca
666 610 745 668 mag.
768 589 924 667 Amplonii
952 591 988 650 de
1018 591 1065 652 Be:

97 681 135 742 ad
152 680 319 740 Iohannitii
336 682 492 758 isagogem
511 674 576 761 (qu.
594 681 706 756 181‚3.
726 700 776 757 qu.
794 683 867 756 173,
877 683 907 741 9.
926 699 976 757 qu
992 681 1065 756 2952

96 774 127 830 et
158 770 254 848 Tegni
286 769 404 830 Galieni
436 761 501 848 (qu.
518 771 626 845 181,4
654 772 777 845 etpost
802 772 875 845 173,
890 760 939 851 9),
971 771 1049 829 item

96 858 290 937 Hippocratis
328 858 514 935 aphorismos
551 859 582 917 in
618 858 682 918 cod.
710 858 804 919 Paris.
832 859 917 920 6847
956 861 987 919 et
1025 859 1064 920 Ba

95 948 184 1008 DIII.
198 950 237 1008 16
266 950 298 1007 in
331 947 441 1024 quibus
473 947 690 1025 subscriptione
718 948 895 1008 consonanti
926 941 1064 1025 ‘Explici

97 1040 212 1117 glosule
246 1055 336 1114 super
368 1036 534 1096 afforismos
567 1036 760 1097 secundum
792 1038 1009 1115 magistrum
1042 1056 1059 1098 c

96 1120 278 1187 dinalem'.
310 1126 425 1185 codices
445 1126 566 1202 quidem
584 1125 782 1204 Amploniani
804 1127 921 1186 minuto
944 1126 1064 1187 charact

97 1215 202 1293 scripti
233 1233 322 1291 saepe
354 1214 494 1290 evantio,
527 1216 600 1276 olim
632 1214 754 1293 quidem
786 1234 864 1275 anno
898 1216 984 1276 1855
1020 1234 1040 1275 a

96 1307 209 1383 partim
241 1305 385 1382 excerpti,
417 1306 501 1365 visus
533 1323 613 1364 nunc
645 1306 741 1364 aciem
767 1303 956 1365 debilitatam
984 1305 1063 1384 fugit

96 1414 200 1453 verum
227 1392 273 1452 uti
302 1392 388 1470 potui
415 1394 601 1471 glosularum
632 1412 723 1470 super
754 1394 803 1452 aff.
827 1393 927 1454 codice
954 1393 1063 1454 Basilis

96 1483 223 1561 pessime
247 1482 367 1558 quidem
390 1485 423 1542 at
445 1483 666 1561 grandiusculis
689 1483 799 1543 litteris
830 1482 868 1542 ab
891 1482 1063 1560 imperitissi

95 1571 219 1631 librario
243 1574 373 1631 exarato.
404 1571 484 1648 quod
508 1573 547 1631 ad
569 1572 800 1648 Amplonianos‚
822 1573 879 1633 hoo
900 1575 1021 1632 tantum
1043 1573 1063 1631 li

96 1680 216 1720 monere
239 1660 271 1719 in
295 1660 358 1720 cod.
378 1663 506 1738 qu.178
531 1653 622 1742 (saec.
640 1661 711 1720 XIV
734 1661 772 1721 ab
795 1680 856 1720 uno
880 1663 1024 1738 scriptore
1048 1680 1063 1720 c

98 1750 161 1810 dito
185 1752 216 1808 et
239 1749 423 1826 amplissima
445 1749 648 1810 rubricatione
672 1745 792 1831 ornato)
811 1749 965 1827 Anonymi
982 1751 1063 1828 glosa

97 1840 343 1900 collectaneae
362 1838 466 1899 haberi
484 1861 520 1900 ex
534 1840 655 1900 Thadeo
670 1839 853 1900 Bononiensi
866 1831 916 1921 (=
926 1839 1062 1900 Florenti

97 1928 278 2006 compositas
306 1948 373 1989 cum
396 1929 521 2009 glosulis
545 1929 752 1989 Bartholomei
775 1931 806 1988 et
827 1929 951 1989 Ioannis
984 1930 1023 1989 ad
1053 1929 1062 1988 l

98 2038 208 2098 gogam
231 2021 262 2078 et
285 2019 324 2078 ad
342 2019 446 2097 Tegni,
465 2038 533 2079 cum
552 2017 721 2079 cardinalis
740 2022 840 2079 autem
862 2021 893 2078 et
911 2018 1062 2079 Bartholor

97 2108 136 2168 ad
154 2108 330 2168 Afforismos
349 2110 380 2167 et
397 2107 581 2168 Pronostica.
604 2107 657 2167 ubi
676 2127 743 2167 cum
762 2127 929 2184 anonymus
948 2107 1062 2167 rubrica

98 2201 203 2257 auctor
217 2191 343 2276 (saeculi
355 2196 438 2272 XIV,
457 2215 526 2256 cum
543 2196 609 2272 ipso
624 2190 800 2278 Amplonio)
816 2197 1060 2257 Bartholomeum

96 2285 207 2364 Brugis
218 2287 359 2345 inferciat
365 2285 539 2345 Aristotelis
551 2286 733 2365 glosatorem
745 2306 819 2346 saec.
828 2281 988 2365 XIIIJXIV
997 2279 1061 2368 (der

97 2375 159 2434 diri
179 2374 211 2433 in
230 2373 392 2434 Aristotele
413 2373 677 2453 Pseudepigrapho
695 2375 777 2452 Lips.
795 2376 880 2435 1863
897 2396 927 2452 p.
939 2376 1013 2436 639.
1029 2375 1061 2434 64

96 2465 201 2523 notum
215 2463 329 2523 scilicet
341 2482 397 2541 pro
410 2464 514 2542 ignoto
529 2483 624 2542 eoque
639 2466 691 2542 qui
705 2467 737 2523 in
751 2465 835 2524 libris
850 2464 987 2524 omnibus
1001 2484 1061 2525 sem

97 2555 198 2612 careat
225 2555 435 2630 cognomento,
462 2553 610 2614 Iohannes
639 2573 757 2631 quoque
786 2555 821 2614 ds
845 2553 955 2613 Sancto
980 2554 1061 2613 Arna

97 2661 194 2702 novus
213 2646 243 2702 et
260 2644 350 2702 notus
369 2646 476 2702 auctor
499 2662 591 2720 aeque
615 2643 710 2722 Belga
733 2646 887 2721 suspectus
911 2661 974 2703 esse
997 2643 1060 2703 vide

97 2735 188 2808 atque
210 2732 307 2808 repeti
329 2751 363 2791 eo
387 2733 541 2792 nominato
565 2733 687 2792 loannis
714 2752 823 2792 nomen
850 2733 948 2792 solum
970 2725 1060 2808 (eiust

97 2821 158 2881 soil.
179 2814 370 2902 Cardinalis),
390 2841 425 2880 ex
444 2841 504 2899 quo
524 2840 592 2881 cum
610 2822 823 2881 Bartholomeo
842 2823 949 2881 auctor
962 2822 1060 2882 Thade

97 2910 289 2987 suppleverit.
309 2912 441 2970 attamen
459 2912 532 2970 haec
551 2910 687 2970 codicum
704 2911 975 2988 manuscriptorum
999 2930 1060 2972 accr

96 3001 173 3060 tiore
184 2999 284 3059 studio
293 2999 449 3076 inquirant
458 3001 677 3077 expediantque
686 3001 818 3060 iuniores
828 3001 881 3059 alii
890 3003 920 3060 et
929 3000 1060 3061 valentio

96 3088 172 3148 mibi
186 3091 296 3164 autem,
310 3107 377 3148 cum
392 3089 430 3148 ad
439 3093 551 3149 metam
559 3089 621 3148 iam
632 3088 717 3148 labor
725 3090 893 3168 Egidianus
903 3107 1060 3166 properavi

98 3179 213 3255 gratiae
236 3177 369 3256 agendae
392 3182 464 3238 sunt
491 3178 620 3238 Aemilio
643 3178 747 3239 Iacobs
766 3179 825 3238 mei
844 3182 874 3237 ct
895 3179 999 3238 Musae
1023 3198 1059 3239 an

97 3267 207 3343 iuveni,
230 3268 283 3345 qui
301 3267 434 3346 gratiosa
453 3269 607 3327 voluntate
625 3269 765 3347 plagulas
788 3267 1012 3328 Teubnerianas
1036 3288 1055 3328 a

99 3359 245 3418 correctas
269 3355 429 3418 semicaeco
453 3357 584 3437 relegere
607 3358 753 3418 sustinuit
776 3360 806 3417 et
829 3357 1011 3418 confirmare.

169 3480 312 3541 Berlini
338 3485 386 3543 10.
406 3481 509 3542 Martii
536 3483 629 3543 1907.
966 3529 1006 3599 v·
1030 3527 1059 3595 B
