2416 4004
480 109 647 164 VIATIOUS

55 260 189 320 ferventi
213 261 316 336 facies,
339 263 510 339 turgescens
534 263 678 338 sanguine
702 281 791 338 vena,

55 349 165 409 urinae
189 351 271 409 color
291 350 440 425 intensus,
463 350 634 410 substantia
656 352 762 427 spissa.

10 450 33 491 ¹⁰
56 439 162 499 dulcia
183 440 329 498 mentitur
351 458 440 517 sapor
463 440 576 515 omnia,
599 441 698 499 mollis
720 441 752 499 in
774 444 838 500 ictu

57 529 190 587 arteriae
213 530 324 604 motus,
347 529 430 589 calor
451 529 603 589 incentiva
626 529 735 589 doloris

56 619 191 694 exacuit,
214 637 323 678 munus
346 619 463 678 confert
484 619 634 678 leniminis
658 618 751 699 algor.

58 705 92 765 Si
116 709 209 783 caput
231 707 356 767 infestat
378 709 493 768 colerae
516 709 608 784 furor,
632 709 721 767 ardor
743 708 912 783 habundat,

57 796 200 856 fervidus
218 815 236 855 a
256 816 329 856 nare
353 817 446 874 vapor
469 799 582 856 enitet
605 801 753 876 aggravat
776 817 863 858 aures

10 894 36 939 rs
56 886 203 960 tinnitus,
226 887 318 946 facies
341 887 499 947 marcescit
521 906 618 962 ocrea,
641 889 760 964 sompni

55 975 216 1034 illecebras
240 975 335 1035 nescit
357 977 475 1051 oculus,
498 978 565 1036 sitit
588 976 673 1035 arida
695 977 794 1055 virga,

55 1066 167 1142 igneus
189 1064 294 1124 urinae
316 1065 424 1125 rutilat
447 1067 529 1124 color
550 1068 739 1125 attenuatam

56 1153 257 1229 praetendens
280 1154 401 1229 faciem,
425 1157 534 1233 pungit
556 1155 649 1230 dolor,
673 1157 770 1215 acrius
793 1156 909 1217 instans

56 1245 91 1300 in
116 1243 252 1302 dextram
275 1245 374 1322 vergit
395 1247 526 1320 partem,
550 1244 749 1320 condempnat
772 1264 891 1306 amarus

10 1344 38 1388 sc
57 1334 170 1392 cuncta
194 1351 291 1409 sapor,
314 1335 407 1392 sumit
429 1336 563 1411 gravitas
587 1354 622 1391 ex
646 1338 783 1394 caumate
806 1334 983 1412 dampnum,

57 1441 95 1480 ex
120 1422 224 1499 algore
248 1422 331 1498 quies
354 1422 503 1499 subrepit,
527 1425 667 1499 praepete
690 1424 779 1499 pulsu

55 1511 177 1569 duriter
199 1511 330 1589 insurgit
353 1512 464 1590 digItos
488 1512 558 1570 dum
582 1532 658 1571 vena
681 1513 808 1589 repellit.
829 1587 834 1595 .

55 1599 109 1658 hic
133 1599 220 1658 dolor
242 1600 366 1660 aestatis
390 1620 487 1660 comes
511 1606 570 1676 est,
593 1605 624 1661 et
646 1603 764 1661 saevius
786 1602 894 1678 instat,

58 1708 130 1748 cum
155 1688 269 1748 colerae
291 1688 389 1749 rabies
413 1693 512 1750 motus
536 1691 593 1749 sibi
615 1690 754 1750 vendicat
775 1692 888 1751 horam.

10 1793 42 1834 uc
60 1777 224 1856 Flegmatis
248 1797 283 1837 ex
305 1779 380 1838 vitio
403 1780 524 1838 veniens
548 1780 690 1856 cephalea
713 1780 842 1839 colorem

62 1867 174 1926 avertit
195 1867 310 1946 vultus,
332 1869 365 1927 in
387 1870 552 1945 posteriore
575 1871 711 1928 moratur

62 1959 147 2030 parte
170 1957 279 2034 magis,
302 1959 425 2036 turgent
448 1959 540 2032 oculi,
564 1977 654 2033 sapor
675 1958 771 2017 inficit
794 1976 875 2017 escas

59 2044 223 2122 insipidus,
246 2046 332 2106 dolor
352 2047 492 2107 infixivus
516 2048 642 2122 detinet,
666 2045 748 2105 albet

59 2134 167 2192 urinae
191 2135 312 2213 pinguis
336 2135 519 2211 substantia,
542 2137 658 2196 fervida
681 2139 820 2212 prosunt,

10 2237 41 2280 uc
58 2223 195 2283 invitant
216 2224 355 2283 morbum
377 2227 540 2300 contraria,
563 2227 696 2285 molliter
717 2225 812 2284 instat

59 2312 192 2372 arteriae
213 2315 326 2387 motus,
349 2317 438 2390 sputo
462 2316 583 2391 perfusa
606 2316 742 2391 loquenti

59 2403 169 2479 lingua
191 2402 306 2478 madet,
328 2422 386 2462 vox
410 2406 456 2464 est
478 2404 607 2481 gravior.
645 2422 714 2463 eum
736 2404 886 2480 flegmatis
909 2404 983 2463 hora

59 2509 134 2550 aera
157 2490 302 2567 disponit,
325 2493 448 2552 hiemali
471 2493 602 2552 crebrius
626 2495 722 2552 instat

58 2583 204 2656 tempore.
240 2582 398 2640 materiam
420 2582 517 2641 morbi
539 2601 609 2641 nam
632 2582 738 2640 bruma
760 2582 920 2641 ministrat.

10 2683 41 2724 cs
59 2669 181 2728 Humor
203 2670 230 2728 si
252 2669 359 2746 capitis
383 2674 509 2748 quartus
533 2672 573 2731 sit
596 2690 686 2730 eausa
709 2670 832 2745 doloris,

60 2763 213 2837 aggravat
235 2760 266 2818 et
287 2761 400 2836 promit
422 2761 537 2836 pondus
562 2780 667 2838 grave,
690 2759 802 2820 lividus
826 2758 886 2817 oris

61 2850 109 2907 est
132 2847 227 2922 color,
250 2847 389 2908 incrudat
411 2851 527 2925 pallens
551 2849 656 2908 albedo
681 2850 809 2908 colorem

59 2934 278 2942 ..---.....-...

136 2987 170 3036 98
184 2987 256 3036 vena
269 3000 296 3036 m
313 2983 323 3054 (j
342 2987 375 3036 99
390 2983 529 3038 intensus:
546 2984 580 3051 cf.
591 2985 690 3038 Bono.
703 2984 731 3038 0.
742 2984 769 3039 S.
781 2984 825 3050 ΙΙ,
835 2986 888 3037 139
899 2985 938 3050 (=
948 2984 966 3034 1
973 2982 1002 3046 V,
1012 2983 1081 3060 372)

61 3054 159 3108 ‘urina
173 3053 227 3107 erit
240 3053 352 3108 intensa
365 3056 394 3108 et
407 3055 535 3124 pinguis’
549 3056 558 3127 Η
578 3059 628 3108 101
643 3055 786 3108 incentiva
801 3057 900 3124 (aecta
911 3054 962 3122 pl.)
979 3051 1082 3104 dolone

61 3143 90 3180 m
108 3125 154 3194 (cf.
170 3126 203 3179 de
216 3125 307 3195 cipere
321 3128 392 3193 192).
425 3127 637 3193 differto.1497
654 3125 664 3197 Η
684 3130 734 3179 103
752 3126 828 3180 rubr.
844 3124 932 3194 Signa
949 3121 1082 3191 cephalee

62 3197 87 3249 si
107 3212 142 3250 ex
161 3195 254 3250 colera
268 3196 349 3266 signa
363 3196 441 3250 XXV
458 3198 468 3269 Η
487 3204 537 3252 116
554 3199 629 3252 rubr.
645 3197 732 3267 Signa
751 3195 885 3266 cephalea
904 3211 937 3249 ex
952 3193 1082 3263 flegmate

62 3301 116 3356 XII
133 3321 160 3357 m
178 3303 187 3374 ll
208 3308 258 3357 116
273 3303 387 3358 avertit:
407 3319 439 3357 ac
453 3295 511 3358 dtit
526 3323 553 3359 m
571 3305 581 3376 Ji
601 3309 651 3357 123
666 3304 753 3357 instet
766 3321 794 3357 m
811 3302 821 3375 li
840 3307 891 3356 125
905 3303 980 3357 rubr.
997 3300 1027 3354 Si
1046 3300 1084 3354 sit

63 3390 98 3427 cx
121 3373 291 3428 melancolia
314 3375 396 3445 signa
417 3374 469 3428 XII
491 3394 518 3430 m
540 3375 550 3447 ll
573 3382 624 3429 126
645 3377 763 3444 agravat
780 3392 808 3428 m
830 3373 839 3445 ll
863 3378 914 3426 127
938 3372 1082 3426 incrudat:

63 3481 98 3547 cf.
118 3498 143 3535 o.
158 3485 194 3536 52
210 3483 213 3551 l
230 3459 323 3536 cdlore
342 3499 369 3535 m
