2422 3998
526 219 695 276 VIATIOUS

99 371 233 432 ariditas
255 373 392 432 inmensa
414 372 506 432 maris
530 374 557 432 si
580 371 714 451 germina
736 373 839 432 tardet

54 480 81 523 so
98 464 245 535 naturae,
268 460 312 522 sic
333 463 513 539 percipitur,
536 463 644 536 macie,
667 460 813 522 brevitate

99 551 265 628 spermatis
288 553 320 610 et
341 549 424 612 visco
447 551 545 625 tenui,
569 551 605 609 de
629 552 775 629 sanguine
799 551 880 609 faece

99 641 223 700 educta.
269 640 295 700 si
318 639 471 717 frigiditas
495 640 627 700 sterilem
650 641 725 700 facit
748 659 855 717 agrum

98 732 246 804 natiuae,
268 727 407 790 stimulat
424 731 512 808 pigra
536 730 695 789 delectatio
718 749 803 790 renes

99 819 133 878 in
157 836 311 893 venerem,
334 818 429 894 pallet
451 819 543 878 facies
567 822 597 879 et
620 819 735 878 detinet
757 823 841 879 artus

54 904 262 986 ¹tssegnitics,
285 907 368 967 albet
390 909 486 968 urina.
531 908 603 967 fides
627 908 756 968 stabiliri

100 997 259 1058 instabilis
281 996 407 1072 poterit,
430 998 457 1057 si
479 996 541 1056 sint
563 997 620 1057 tibi
644 997 731 1076 signa
754 997 867 1072 diaeta,

101 1089 189 1147 aetas
214 1089 306 1164 atque
329 1087 413 1146 locus
437 1088 571 1160 varians,
594 1087 772 1162 complexio,
796 1104 911 1163 corpus.

54 1252 57 1261 Ι
176 1175 382 1235 Arteticam
404 1177 528 1254 generat
550 1179 676 1235 naturae
700 1176 807 1235 noxius
830 1176 951 1250 humor,

102 1284 166 1342 quo
188 1265 275 1341 pedis
298 1264 416 1324 inducit
438 1265 608 1325 substantia
630 1266 712 1324 laesa
737 1266 912 1343 podagram.

100 1355 242 1415 nascitur
263 1353 296 1412 in
318 1354 457 1415 manibus
480 1353 594 1414 nodosa
617 1356 744 1432 ciragre.
790 1357 922 1414 sciarum

100 1445 189 1504 laesa
210 1443 352 1503 iunctura
374 1444 410 1503 fit
431 1462 509 1519 pena
532 1445 656 1504 sciatica
679 1443 762 1503 dura.

100 1535 246 1612 procreat
268 1533 346 1592 hanc
368 1552 478 1609 penam
501 1533 641 1610 crapulae
665 1535 751 1611 gula,
774 1551 879 1610 grossa
903 1533 1015 1607 diaeta,

54 1620 69 1665 ·''
99 1625 176 1700 post
199 1640 299 1681 escam
321 1623 476 1682 stomacho
500 1624 611 1682 satiato
635 1641 730 1700 prona
754 1623 895 1683 voluntas

54 1678 60 1803 Ι
100 1714 135 1772 in
160 1730 309 1772 venerem.
354 1713 381 1771 si
403 1713 586 1789 sanguineus
609 1712 789 1771 discriminis
812 1713 919 1770 humor

54 1808 85 1869 tes
102 1819 199 1862 causa
222 1802 263 1860 sit
284 1799 386 1876 istius,
409 1801 501 1860 rubor
523 1803 554 1860 et
576 1805 678 1860 tumor
700 1805 732 1859 et
754 1819 823 1860 caro
846 1801 944 1860 mollis

102 1892 137 1951 in
162 1891 247 1950 laeso
271 1891 333 1949 sint
355 1890 442 1969 signa
464 1890 544 1963 loco,
568 1890 747 1967 complexio,
771 1909 847 1950 vena

101 1984 295 2059 turgescens,
318 1980 417 2039 maior
438 1979 555 2040 vernali
577 1982 710 2055 tempore
733 1999 825 2055 pena,

102 2071 232 2148 pinguis
255 2071 286 2128 et
306 2069 425 2128 intensa
447 2070 554 2128 iecoris
577 2069 658 2143 faex,
681 2071 772 2144 atque
796 2068 897 2127 diaeta

104 2161 162 2219 aut
186 2159 270 2218 aetas
293 2159 392 2234 prima
414 2159 527 2234 poterit
547 2158 605 2218 tibi
628 2177 763 2234 promere
786 2158 881 2236 signa.

54 2260 88 2307 tu
104 2248 133 2308 si
156 2248 273 2307 colerae
295 2248 381 2306 furor
403 2247 538 2322 insistat,
560 2250 661 2307 tumor
684 2247 889 2322 abbreviatur,

105 2339 210 2397 aestm
233 2339 410 2414 augmentat
432 2355 538 2413 penas,
562 2355 723 2413 croceoque
746 2337 903 2396 rubescens

104 2426 254 2486 inferetus
277 2426 359 2486 color
381 2429 464 2486 artus
488 2426 596 2501 inficit,
621 2427 651 2484 et
674 2426 849 2486 stimulatur

106 2517 260 2592 punctura
281 2515 449 2575 membrum
472 2515 602 2591 patiens,
626 2517 715 2574 urina
739 2517 867 2574 colorem

110 2604 179 2663 auri
199 2604 344 2664 mentitur
365 2606 478 2679 tenuis,
501 2623 581 2664 nunc
604 2604 675 2664 eicit
698 2623 772 2664 anus
866 2611 869 2617 '

113 2695 269 2754 materiam
292 2693 433 2769 similem,
458 2693 572 2753 vomitu
596 2712 675 2753 nunc
698 2693 800 2752 fundit
823 2693 947 2752 eandem

185 2923 253 2973 1⁷84
272 2934 372 2973 venere
391 2907 481 2988 (vent)
501 2917 544 2989 111
563 2923 633 2971 1785
653 2916 782 2971 stabilire
801 2917 817 2971 b

185 2995 253 3046 1799
271 2991 347 3046 rubr.
358 2989 400 3043 De
411 2989 550 3044 artethica
563 2991 586 3044 b.
610 2991 734 3058 sequitur
739 2995 804 3056 poet
812 2988 937 3042 matricis
946 2987 1132 3059 aegritudines

121 3057 226 3118 maaca
238 3063 312 3118 sicut
327 3062 404 3131 apere
417 3062 591 3117 Plalcaricm
606 3064 644 3126 (et
662 3060 739 3129 apere
753 3060 966 3115 Constantinum
981 3061 1013 3114 irc
1031 3059 1131 3112 viatico

54 3158 56 3175 ι
122 3127 200 3201 ⁶218)
222 3132 232 3206 ss
254 3138 323 3188 1790
347 3133 467 3188 sciarum
484 3159 511 3178 =
528 3148 660 3186 coxarum
679 3132 743 3198 lul:
768 3131 803 3198 cs.
823 3130 919 3185 Simon
941 3147 962 3184 a.
983 3129 1042 3184 scia
1064 3128 1131 3182 inde

119 3195 230 3277 volatica
258 3220 313 3274 que
343 3220 425 3274 grece
451 3204 556 3258 dicitur
580 3203 672 3257 ischia
698 3206 726 3256 et
751 3200 881 3256 ischiasis
905 3203 973 3271 (sic).
1015 3201 1045 3254 in
1073 3200 1132 3254 scia

115 3276 229 3332 auses
243 3277 328 3343 Plau,
346 3276 464 3331 sciatica
482 3275 587 3329 dicitur
603 3275 660 3330 scie
679 3275 773 3343 passio
788 3275 829 3328 Ic.
848 3272 858 3345 Η
878 3277 947 3326 1799
962 3274 1005 3326 std
1022 3272 1132 3326 saciata

107 3365 172 3450 (εἶθ)
190 3385 207 3439 0
235 3383 239 3456 Ι
263 3387 333 3438 1794
352 3361 497 3438 drsdmi⁹b
519 3380 529 3453 ll
553 3385 621 3434 1799
641 3381 746 3450 prima:
766 3381 802 3448 cf.
821 3379 923 3434 ultima
943 3384 1012 3433 1810
1033 3378 1037 3450 l
1058 3379 1133 3448 petit

101 3433 172 3520 (Μ)
190 3455 227 3541 tl
253 3459 321 3510 1801
341 3454 504 3509 rubescens:
523 3451 618 3506 rub’at
637 3452 757 3521 (rubeat)
778 3454 802 3507 b.
836 3452 870 3519 cs.
890 3453 966 3507 Plat.
985 3467 1019 3505 ex
1040 3450 1132 3505 colore

87 3507 199 3618 ,subeo
217 3527 337 3582 inmixto
356 3541 453 3581 croceo
468 3523 579 3594 (citrino
593 3526 645 3591 Io.)
664 3523 674 3597 ll
693 3529 763 3579 1802
782 3523 896 3578 infesct⁹
915 3524 973 3592 (sic)
994 3521 1071 3577 calor
1089 3524 1105 3578 b
1123 3522 1133 3594 ll

102 3577 183 3652 ⁸06
201 3599 351 3654 materiam
370 3597 488 3652 similem
510 3595 607 3664 (lil'em
626 3597 651 3663 0)
670 3598 728 3651 scil.
744 3596 861 3651 coleram
879 3595 975 3665 (Ptol.)
