2422 3998
150 205 193 270 38
603 203 718 258 EGIDII

148 352 297 430 inpetitur
319 354 416 412 morbi
439 355 549 430 specie,
572 355 696 414 robusta
718 356 858 414 iuventus

149 442 299 518 absolvet,
322 442 374 502 sed
397 444 423 503 si
445 442 591 504 iuveniles
613 443 724 521 inpetit
746 462 841 504 annos

92 553 131 593 ses
150 534 264 608 passio,
287 531 338 591 vix
361 532 454 608 cedit,
477 533 529 593 sed
552 534 657 594 eadem
679 535 825 593 terminus
848 535 923 593 hora

151 639 297 681 annorum
319 622 474 698 morbique
498 623 590 681 venit.
627 622 654 683 si
677 623 754 683 forte
778 642 949 699 supremam

149 713 291 787 torqueat
313 713 456 787 aetatem,
479 712 638 788 proscribit
660 730 737 789 pene
761 713 898 772 salutem.

151 799 243 858 efficit
265 801 426 861 asmatieos
450 821 485 858 ex
508 800 653 879 sanguine
677 802 812 878 plectere
836 821 926 862 venas

151 889 324 964 extendens,
347 890 395 948 lex
418 893 545 949 naturae
568 890 712 950 subversa
734 890 866 967 pudendi

92 999 132 1039 eoo
150 979 306 1057 sanguinis
331 979 469 1039 obstruso
493 978 669 1039 mulieribus
692 979 800 1055 imbre,
823 980 936 1040 fluenta

150 1071 203 1127 aut
225 1069 295 1128 kilis
318 1088 412 1128 venae
436 1069 600 1144 cessantia,
623 1072 761 1146 tempora
783 1069 875 1145 veris,

150 1159 328 1217 conveniens
351 1157 448 1235 regio,
471 1157 673 1218 restauretiva
696 1158 798 1218 diaeta

151 1246 321 1325 sanguinis,
344 1246 470 1323 inpubes
494 1250 591 1324 aetus,
615 1248 780 1324 complexio
805 1265 936 1307 concors.

151 1355 186 1394 ex
210 1336 309 1395 colera
332 1336 380 1396 vel
403 1337 473 1396 felle
496 1336 582 1416 nigro
605 1337 680 1397 facit
703 1356 787 1398 asma
810 1337 915 1397 localis

92 1446 131 1486 eos
149 1424 281 1500 mansio,
305 1424 427 1486 vivendi
450 1427 570 1501 modus,
595 1429 693 1502 aetas,
715 1429 866 1501 tempora,
889 1444 985 1486 sexus.

151 1514 277 1573 ariditas
302 1513 328 1574 si
351 1533 441 1575 causa
464 1534 572 1576 nocens
597 1516 703 1590 fuerit,
726 1514 782 1575 tibi
804 1517 878 1574 nota

149 1603 196 1662 his
220 1603 290 1678 erit,
314 1607 446 1665 extreme
468 1606 578 1681 macie,
602 1605 770 1681 sputamine
793 1605 892 1679 nullo,

150 1693 282 1770 corporis
307 1694 452 1754 exhausta
474 1694 506 1754 vi
528 1694 739 1771 praeveniente
761 1695 873 1753 labore.

149 1784 185 1840 ut
207 1784 318 1842 certam
343 1783 466 1843 turbare
489 1783 579 1845 fidem
602 1783 753 1844 dubitatio
776 1787 887 1843 nutans

92 1889 209 1932 cronon
232 1872 342 1949 possit,
364 1873 462 1933 faeces
485 1875 644 1933 humorum
668 1874 803 1947 consule,
826 1874 929 1932 vultus

151 1961 218 2036 quis
242 1964 325 2022 color
346 1963 501 2038 informet,
525 1963 573 2023 vel
597 1964 664 2040 quis
687 1982 778 2040 sapor
801 1962 918 2022 accidat
941 1961 995 2021 ori.

223 2049 391 2128 Sincopis
416 2056 462 2113 est
485 2071 577 2113 causa
600 2071 745 2112 venarum
768 2053 916 2129 plectura,
938 2051 1048 2111 mentis

150 2141 264 2216 passio,
288 2141 422 2201 defectus
444 2143 619 2217 humorum,
642 2141 755 2221 grande
778 2141 890 2200 doloris

151 2229 287 2307 exitium,
312 2230 393 2289 calor
415 2232 582 2306 inmensus,
605 2229 747 2309 frigdoris
770 2249 895 2290 acumen

92 2337 131 2378 e1s
150 2318 343 2378 mortificans.
380 2320 406 2379 si
429 2320 568 2380 deficiens
586 2321 665 2379 hanc
688 2319 781 2379 efficit
803 2320 924 2394 humor,

150 2406 296 2466 inducunt
318 2409 391 2467 haee
414 2409 502 2487 signa
524 2408 627 2485 fidem,
650 2410 813 2469 macilenta
835 2409 945 2487 figura,

151 2497 283 2571 corporis
307 2498 453 2557 exhauste
475 2499 585 2574 virtus,
609 2498 708 2574 pallor
730 2497 829 2572 faciei,

151 2585 326 2646 abbreviata
350 2588 410 2647 eibi
432 2590 580 2664 potusque
605 2587 718 2662 diaeta,
741 2588 854 2646 fluenta

151 2677 307 2754 sanguinis
332 2676 444 2753 absque
468 2677 557 2737 modo
580 2678 750 2752 manantia,
774 2694 843 2735 cum
866 2675 999 2734 mulieris

93 2784 132 2823 eac
150 2765 314 2843 invigilans
338 2768 450 2826 natura
472 2767 552 2827 bona
574 2784 715 2826 mensura
737 2765 852 2825 tributa

152 2855 246 2932 exigit
269 2858 323 2915 aut
345 2857 397 2915 ani
420 2857 527 2916 secreti
551 2855 706 2934 sangoinis
730 2854 825 2914 imber

224 3019 276 3069 900
296 3017 427 3071 obstrusa
451 3018 475 3072 0.
513 3019 548 3084 cf.
564 3016 633 3073 Gor.
649 3017 704 3071 lc.
730 3015 741 3088 ll
767 3019 817 3070 901
844 3021 861 3068 a
886 3015 953 3069 uilis
977 3014 1176 3098 Q’vene

152 3107 201 3173 (eie
219 3121 281 3160 cum
299 3107 336 3160 ol.
357 3107 415 3162 lect.
434 3107 465 3162 ic
484 3113 587 3162 textum
605 3106 710 3174 scripto
728 3105 776 3160 sed
789 3111 886 3174 posteo
908 3104 1006 3173 deleto)
1031 3105 1060 3159 b:
1085 3105 1176 3159 amnis

150 3175 166 3228 i
183 3192 254 3261 vene
270 3194 297 3263 ⁹3²
312 3183 391 3245 (corr.
406 3195 440 3234 eu
459 3177 557 3232 akilis
566 3204 593 3224 =
603 3179 655 3260 aut
667 3178 712 3258 (cf.
722 3176 767 3231 vel
781 3194 805 3232 c.
817 3179 879 3245 781)
894 3175 1176 3300 kssi⁸14il.9ll².¹⁰⁸l²¹¹'

151 3250 215 3301 1ata
235 3250 303 3317 (·t1a
322 3250 347 3315 b)
368 3250 455 3318 dycta
473 3267 501 3304 m
511 3249 528 3374 i
547 3254 598 3302 900
614 3248 734 3302 ar1d1tas
749 3249 765 3303 b
780 3249 825 3316 (cf.
839 3248 938 3317 Plat.):
981 3248 1113 3317 ngidrtas
1127 3248 1176 3327 ml

152 3322 203 3372 909
223 3321 326 3374 natans
346 3321 393 3446 tp
409 3325 459 3376 911
480 3321 510 3375 in
524 3321 616 3374 ormat
690 3319 796 3374 accidit
815 3321 831 3373 0

223 3396 274 3445 919
285 3392 360 3447 rubr.

152 3505 230 3574 copie
239 3510 321 3591 mres
331 3507 432 3575 socc,
446 3507 521 3590 caue
535 3476 957 3592 ecrq.,0u.1>ut.)1ierrleores
971 3524 1007 3572 m,
1017 3506 1133 3561 enoris
1143 3506 1176 3578 cn

152 3582 203 3631 918
214 3575 326 3632 obnata
336 3580 352 3633 0
361 3579 371 3651 ll
381 3583 432 3634 921
444 3595 492 3633 eni
503 3580 605 3633 secreti
615 3597 635 3633 s.
645 3598 683 3635 m:
695 3597 743 3633 ani
752 3578 880 3647 pudendi
890 3595 911 3631 s.
922 3580 967 3648 (ex
975 3579 1066 3648 glossa
1076 3579 1176 3649 adsilit

396 3391 544 3461 esincopis
555 3391 648 3445 causis
658 3394 687 3447 et
697 3391 786 3462 signis
797 3393 825 3445 et
836 3390 983 3460 speciebus
991 3392 1016 3457 0,
1025 3406 1110 3445 cause
1120 3391 1176 3445 sin·
