2422 3998
514 185 682 240 VIATIOUS

70 337 221 399 reccurrit
243 356 331 413 parce
354 338 495 396 calidum.
541 357 661 414 corpus,
684 338 781 412 locus,
806 357 869 413 aer,

88 446 160 504 pars
185 429 257 485 anni
279 426 373 502 recipi
395 428 538 503 poterunt
560 445 651 503 super
672 427 728 485 hcc
751 428 816 486 rice
840 427 925 506 signi.

89 515 230 576 Occurrit
253 516 433 598 calidi-plus
457 536 547 592 quam
570 517 618 575 lex
641 515 743 594 exigat
766 519 862 591 artus,

89 607 115 665 si
139 606 221 664 calor
244 605 378 680 antire,
402 605 490 665 solito
514 607 583 681 plus
606 606 697 683 ignea
718 605 799 664 lucet

88 695 194 754 urinae
218 695 323 768 facies,
347 695 464 753 vultum
486 695 578 754 rubor
600 697 740 770 occupat,
765 697 833 754 actu

89 787 218 843 naturae
240 784 347 860 pulsus
370 783 486 843 veloces
509 785 647 860 implicat
669 783 748 842 ictus

90 876 121 933 et
143 874 244 933 fortes.
292 871 325 930 Si
347 891 439 932 causa
462 873 535 931 mali
557 873 592 931 fit
615 891 699 947 cura,
723 872 852 947 labores,

89 964 262 1038 insompnes
285 963 401 1037 noctes,
424 962 571 1038 studium,
594 962 708 1021 furiosa
730 963 871 1021 voluntas

90 1052 122 1110 in
145 1071 296 1126 venerem,
318 1052 429 1111 macies
453 1053 554 1111 vultus
579 1052 741 1127 oculusque
765 1052 914 1127 sepultus,

90 1140 230 1200 deficiens
253 1141 361 1214 virtus,
385 1140 478 1199 facies
502 1141 624 1215 citrina,
647 1142 779 1201 remissis

70 1230 200 1289 ·ictibus
219 1231 330 1289 arteria
353 1230 490 1305 pulsans,
513 1230 636 1308 ignavia
659 1229 798 1289 membris

90 1321 250 1398 segnitiem
273 1338 432 1397 generans,
456 1319 550 1378 tardis
575 1319 746 1396 aspectibus
768 1320 885 1378 instans

91 1411 122 1468 et
144 1408 230 1485 piger
252 1408 291 1466 ad
313 1410 414 1467 motus
438 1409 554 1482 oculus,
579 1407 666 1484 quasi
688 1407 817 1485 pondere
840 1426 943 1483 pressa

90 1497 236 1575 palpebra
259 1497 437 1574 dependens.
482 1498 611 1557 rutilans
635 1498 738 1557 effusio
761 1498 862 1556 firmat

91 1587 274 1665 ambiguum.
321 1586 354 1645 Si
376 1587 560 1663 temporibus
584 1591 694 1647 natura
717 1587 851 1646 ciborum

70 1694 198 1736 reauma
221 1676 302 1752 parit
324 1676 372 1735 vel
395 1676 467 1735 rina
490 1677 612 1736 modum
634 1679 823 1754 transgressa
845 1674 980 1749 bibendi,

89 1768 257 1844 puncturae
281 1766 421 1824 stimulus
445 1785 518 1841 epar
540 1769 701 1843 aggravat,
726 1765 843 1825 aemula
865 1765 1003 1823 flammae

90 1855 259 1914 scintillans
283 1856 372 1913 urina
394 1854 496 1928 rubet,
519 1872 550 1913 se
574 1855 708 1914 sensibus
732 1855 819 1913 offert

90 1944 210 2003 effrenis
233 1963 286 2020 per
307 1944 441 2002 membra
464 1944 554 2003 calor.
601 1942 745 2003 Sicanae
769 1943 880 2002 doloris

89 2035 192 2109 passio
216 2033 251 2092 fit
273 2032 411 2108 membri,
435 2051 523 2092 sensu
545 2032 718 2092 moderante
741 2033 828 2092 docet
867 2077 873 2089 .

70 2120 252 2181 *Offendens
275 2124 431 2181 lavacrum
454 2123 555 2200 signat
577 2123 655 2181 cutis
680 2141 786 2197 aspera
810 2122 885 2180 dura

165 2351 233 2398 1925
253 2362 307 2415 pro
329 2347 379 2400 hoc
395 2363 476 2400 99999
498 2349 590 2414 (quem
612 2346 683 2400 male
706 2348 772 2417 lecit
794 2347 865 2400 Dar.
885 2347 925 2400 sic
946 2343 1111 2409 Occurrunt,

90 2433 177 2488 parce
204 2416 279 2471 calet
305 2435 405 2486 corpus
430 2421 491 2485 etc.)
518 2419 534 2472 b
561 2417 648 2484 infert
674 2419 826 2486 aequaliter
853 2418 1028 2485 inefficacem
1056 2416 1111 2482 (irc

89 2490 139 2556 fro
162 2490 608 2555 9.1927),9919119919999919
631 2490 765 2556 poterunt
787 2506 812 2543 9.
835 2505 887 2556 seq.
910 2487 920 2559 ll
947 2492 1014 2541 1911
1039 2488 1112 2541 bunc

89 2579 115 2616 9.
141 2564 203 2628 (pro
229 2577 281 2628 qao
307 2561 423 2615 91191191
446 2559 575 2615 Occurrit
599 2576 685 2629 parce
708 2560 791 2613 cal’m
813 2561 858 2614 hic
878 2561 975 2627 pocus
997 2559 1026 2626 b)
1048 2565 1113 2626 post

90 2635 203 2687 91929
229 2632 305 2686 dedit
324 2631 374 2698 D.,
393 2632 451 2686 scil.
473 2633 505 2686 ia
530 2631 587 2686 cod.
609 2633 625 2686 b
648 2638 793 2699 peccatur
817 2633 858 2687 sic
882 2632 931 2699 qui
955 2631 1023 2685 mibi
1047 2637 1113 2686 99991

90 2705 211 2758 91924.
232 2706 310 2758 1927.
331 2707 409 2757 1926.
429 2707 508 2758 1925.
529 2707 607 2758 1928.
628 2706 706 2757 1929.
726 2707 806 2769 1930,
824 2701 964 2770 9991911119
982 2702 1055 2757 Dar.
1072 2702 1113 2756 sic

91 2778 172 2829 1991.
191 2778 261 2829 1999
280 2777 457 2842 (campros).
476 2779 553 2829 1999.
574 2779 652 2829 1999.
672 2778 752 2829 1999.
772 2776 905 2841 19971).
925 2776 997 2827 1930
1014 2771 1023 2844 Η
1042 2776 1112 2826 roso

90 2847 136 2901 199
159 2849 231 2913 (post
254 2847 375 2913 occupat
397 2848 463 2899 99111
485 2849 607 2912 91927)
625 2862 706 2900 cerea
729 2846 836 2899 deloco
859 2861 909 2898 999
927 2844 1111 2914 9919991991-

91 2924 139 2972 twr
156 2919 188 2970 ia
204 2918 223 2970 cl
238 2915 402 2982 Occurrunt,
422 2916 499 2970 calor
513 2919 562 2982 (sic
576 2919 658 2985 Dar.)
673 2916 737 2984 plus
752 2932 838 2984 quam
854 2915 900 2970 lex
919 2915 1015 2984 exigat
1034 2916 1112 2968 artus

91 2990 135 3057 (ct
151 3005 238 3056 supra
255 3005 280 3042 o.
296 2991 367 3042 1925
386 2989 412 3055 b)
435 2988 444 3060 ll
469 2993 538 3041 1994
557 2990 592 3055 cf.
612 2987 687 3042 oculi
706 2987 834 3054 concavi,
858 2985 994 3056 palpebre
1013 2986 1112 3040 molles

93 3063 122 3113 91
140 3075 238 3130 graves
259 3059 296 3112 ad
314 3059 482 3113 movendum
502 3059 584 3113 tarde
598 3061 639 3114 Io.
656 3059 737 3127 (Gar.
751 3064 824 3126 6,14
838 3085 865 3104 --
881 3058 1111 3113 6919901999.

93 3132 150 3197 XI,
165 3135 200 3185 12
218 3132 310 3200 Lips.)
328 3130 338 3202 ll
358 3135 426 3184 1939
447 3131 581 3186 91191199
599 3130 608 3203 Η
628 3136 698 3184 1936
713 3131 850 3200 segniciae
870 3131 885 3184 b
904 3129 913 3202 ll
933 3128 1112 3182 1931999199

93 3201 137 3272 111
156 3207 225 3255 1939
246 3202 275 3256 si
290 3201 465 3270 temporibus
485 3204 512 3256 b:
533 3201 679 3270 speciebus
694 3206 723 3272 (1)
738 3204 757 3256 d
774 3202 784 3275 Η
804 3208 871 3256 1941
892 3203 927 3269 cf.
946 3203 988 3256 Io.
1007 3199 1112 3254 intelli-

92 3274 171 3344 gitur
193 3289 244 3342 per
269 3275 381 3327 urinam
406 3273 525 3327 nimium
551 3273 706 3328 coloratam
732 3277 761 3328 et
786 3274 910 3328 dolorem
937 3275 966 3327 et
991 3271 1112 3326 calorem

93 3346 185 3414 epatis
210 3345 346 3413 (incendit
373 3345 539 3414 sanguinem
564 3345 657 3400 calore
681 3347 724 3399 sui
748 3347 777 3400 et
799 3345 931 3413 spiritum
954 3342 1112 3397 naturalem

91 3417 233 3542 sisu
249 3414 1023 3559 913131919111119313139191111
1043 3419 1112 3541 litt

92 3555 236 3613 lavacrum
256 3562 314 3629 (sic)
334 3560 378 3626 bc,
396 3567 429 3614 ct
446 3561 479 3615 dc
496 3577 540 3615 cr.
554 3564 625 3615 912
643 3567 690 3614 etc.
