2422 3998
146 220 187 285 7ss
598 215 712 271 aaron

145 368 267 444 sanguis
290 385 431 443 pereussa
454 386 544 442 vena,
567 369 652 427 cuius
676 367 795 427 saniosa

144 459 209 516 tota
232 455 402 533 superficies
425 457 568 517 fetentem
591 457 692 516 fundit
714 455 844 516 odorem.

145 544 304 624 glandula,
328 564 470 606 verrucae
493 546 608 622 plures,
632 564 737 606 caecus
761 546 991 624 sarephularum

146 655 164 693 a
187 634 262 711 pede
285 635 465 696 vermiculus
489 635 541 711 qui
563 655 671 695 nomen
695 636 788 695 sumit
809 634 988 696 habundans

76 741 128 782 meo
145 723 177 782 in
200 724 362 800 multisque
385 725 458 785 locis
482 743 586 784 eureus
610 724 808 803 serpiginis
831 727 914 784 artus

146 817 287 889 occupat,
308 815 449 875 insolitae
471 813 570 874 subito
593 833 647 889 per
668 813 802 873 membra
824 813 961 873 novellae

147 905 308 979 surrepunt
330 903 467 962 maeulae
490 902 591 963 variae
615 921 778 978 rursusque
800 903 929 963 latentes

147 992 296 1071 effugiunt
318 992 429 1067 visum,
453 1012 533 1052 nuno
556 992 725 1051 formicatio
749 1010 869 1052 carnem

146 1083 248 1141 irritat
271 1101 349 1141 nune
372 1082 515 1158 pruritus.
560 1081 612 1141 Bis
635 1080 707 1140 bina
729 1081 842 1157 pericla

77 1187 129 1229 ress
147 1170 282 1241 continet
303 1172 377 1230 haee
400 1170 521 1248 speeies.
568 1169 676 1230 delicto
700 1170 855 1248 sanguinis
877 1189 939 1231 una

147 1261 295 1334 nascitur,
318 1259 388 1318 huie
411 1279 518 1320 nomen
543 1259 712 1338 alopieia.
758 1261 845 1338 signa
868 1259 919 1320 sed
941 1261 1003 1321 ista

148 1351 219 1409 sunt
241 1349 344 1424 huius,
367 1349 460 1410 rubor
482 1351 514 1408 in
537 1350 613 1409 faeie
638 1349 833 1425 maculaeque
855 1348 997 1410 rubentes

148 1437 285 1512 artubus,
308 1437 340 1496 in
363 1438 475 1514 speeies
498 1457 639 1516 percussa
660 1439 784 1497 flamina
807 1456 884 1498 vena

148 1528 303 1605 sanguinis
327 1527 483 1587 offendunt
505 1546 605 1602 nares,
629 1528 733 1587 effusio
756 1527 832 1587 fetet

78 1633 131 1673 iero
148 1617 266 1690 urinae,
290 1616 390 1695 gravis
414 1618 474 1677 oris
498 1616 584 1692 odor,
608 1617 690 1676 oalor
713 1615 899 1677 advenientis

149 1704 274 1765 offendit
296 1709 425 1782 tactum,
448 1706 548 1766 mollis
572 1724 655 1781 caro,
678 1706 800 1784 turgida
823 1725 913 1780 vena,

147 1794 256 1855 uleeris
278 1795 414 1856 inmensa
437 1796 534 1856 sanies
558 1815 625 1855 oum
648 1796 794 1874 sanguine
816 1796 925 1870 mixta,

149 1888 308 1962 acceptans
330 1885 466 1964 linguam
488 1886 591 1962 placat
613 1903 716 1962 sapor,
738 1884 920 1944 inmoderati

150 1973 242 2033 officii
264 1974 380 2035 veneris
404 1993 568 2050 numquam
592 1973 736 2034 sanabilis
760 1973 863 2048 ardor,

79 2078 132 2119 rere
149 2063 241 2139 plana
264 2063 437 2140 supercilia,
461 2065 547 2143 signo
570 2065 690 2140 privata
711 2064 794 2123 virili

149 2153 229 2211 mala
252 2155 355 2212 carent
378 2152 475 2229 (pili)
499 2153 642 2232 lanugine
665 2152 717 2212 sed
739 2158 840 2211 tumor
863 2155 946 2212 ortus

150 2242 295 2316 extendit,
319 2244 421 2302 crebro
445 2242 545 2301 fundit
568 2243 693 2319 gingiva
716 2240 831 2301 fluenta

150 2329 314 2407 sanguinis.
361 2330 406 2388 Ex
430 2331 544 2390 colerae
567 2330 670 2407 prodit
692 2330 809 2392 fervore
833 2329 962 2390 secunda

150 2419 302 2495 leprarum
324 2419 449 2494 speeies,
473 2421 586 2496 tropice
610 2420 731 2479 feritate
753 2420 848 2480 leonis

80 2507 233 2567 iamdicta
255 2508 414 2584 leonina,
439 2528 530 2585 quam
553 2510 655 2588 signat
678 2509 789 2570 sacrior
811 2510 870 2584 ira,

152 2598 276 2672 (vocis)
299 2598 427 2658 rauoedo
451 2598 561 2673 maior,
586 2599 717 2659 corrosio
740 2598 840 2659 mollia

225 2845 292 2894 mar
307 2830 403 2924 ⁸fetou‘
421 2842 437 2895 s
459 2840 470 2913 q
493 2845 563 2924 rasa
583 2842 644 2895 020⁹
663 2841 679 2895 e
696 2839 801 2965 waes
820 2840 855 2906 cf.
870 2840 969 2895 Barth.
984 2840 1003 2894 t.
1017 2841 1178 2925 aquibus

152 2913 218 2965 dam
236 2914 362 2980 pruritus
382 2928 445 2965 eum
464 2911 560 2966 eoabie
579 2911 589 2983 ll
609 2917 678 2966 1864
716 2929 740 2965 re
759 2910 840 2965 bina:
860 2911 895 2978 cs.
911 2911 1003 2968 Ooreat.
1016 2919 1087 2967 reat.
1101 2918 1131 2981 7,
1145 2918 1178 2970 17

152 2984 198 3050 (da
216 2984 306 3052 lepra)
321 2986 364 3037 est
378 2985 473 3037 autem
492 2982 669 3051 quadrifaria
688 2983 771 3050 (unde
786 2984 860 3038 Plat.
875 2989 900 3038 et
914 2983 967 3047 Io.)
984 2981 994 3055 ll
1013 2986 1086 3039 teet
1106 2984 1176 3040 allo·

152 3055 229 3125 pioia
252 3056 268 3110 b
288 3058 293 3123 Ι
314 3055 364 3109 sed
387 3054 443 3109 ista
463 3054 535 3109 Sunt
556 3054 653 3108 huius:
678 3055 726 3109 sed
748 3054 833 3108 huius
857 3053 928 3107 Sunt
950 3053 1007 3108 ista
1030 3055 1047 3109 b
1071 3054 1082 3129 ss
1107 3058 1177 3112 1868

153 3161 249 3233 arurq
268 3168 279 3214 i
299 3167 362 3231 sp-es
382 3163 441 3230 (sc)
461 3163 476 3216 t
493 3163 497 3228 ι
513 3161 642 3215 flamma:
661 3126 763 3230 flamia
780 3162 839 3230 (se)
859 3162 875 3215 a
892 3160 903 3233 l
922 3164 991 3214 rara
1007 3163 1175 3231 aesopum:

152 3234 187 3301 cf.
203 3239 306 3290 a1901
329 3232 339 3305 ll
363 3238 431 3288 1876
456 3249 555 3288 carena
574 3234 589 3287 b
610 3236 614 3303 1
635 3233 687 3301 pili
710 3233 810 3288 addidi
833 3232 880 3301 (cf.
895 3235 1030 3300 areret
1054 3248 1108 3289 om.
1129 3234 1147 3290 d
1170 3236 1174 3301 l

153 3305 202 3359 sed
216 3308 310 3360 tumor
323 3307 401 3359 ortua
416 3306 506 3373 (maisi
523 3320 605 3359 nerea
624 3322 658 3360 ex
675 3306 711 3377 gt.
726 3305 814 3371 add.):
834 3319 917 3359 neree
935 3305 965 3358 et
982 3305 1078 3359 tumor
1096 3307 1176 3361 artus

153 3377 176 3430 b.
196 3376 232 3443 ef.
243 3392 328 3430 naeus
342 3377 519 3446 ingrossatur
530 3418 535 3430 .
545 3418 550 3429 .
561 3417 566 3429 .
577 3393 649 3444 gene
658 3378 770 3431 tument
779 3376 853 3430 Plat.
868 3374 878 3448 ll
893 3379 960 3429 1881
972 3374 1048 3430 vocis
1059 3378 1107 3445 (ὓς
1117 3380 1176 3451 grnl

154 3451 278 3515 (pronus)
299 3450 322 3503 b.
360 3448 395 3515 cf.
415 3464 467 3503 vox
489 3449 533 3501 est
555 3463 641 3502 rauca
659 3450 701 3503 Io.
721 3450 756 3514 (et
773 3463 868 3503 verm
890 3447 992 3502 similes
1009 3462 1078 3515 quos
1095 3448 1178 3505 tabet

153 3519 409 3646 gogeVGadesdm
423 3519 507 3588 Anql.
521 3520 553 3573 in
572 3520 649 3576 Rosa
666 3520 735 3574 med.
754 3520 794 3574 ed.
810 3519 902 3589 bugd.
918 3521 990 3574 1502
1006 3518 1028 3585 f.
1042 3522 1104 3575 soa
1117 3523 1138 3575 2
1150 3545 1177 3567 -

177 3633 182 3643 .
221 3632 226 3644 .
270 3595 328 3658 ,89
