2422 3998
149 169 169 233 8
599 162 712 218 nomn

149 318 252 375 urinae
275 317 388 392 tenuis,
410 316 516 392 pulsus
539 314 717 375 exterminat
738 315 832 375 ictum

149 405 287 465 debilitas
311 404 380 464 duri
402 405 504 465 crebro
528 405 682 465 venientis.
718 404 751 462 in
772 404 854 463 horis

93 516 130 552 rso
149 497 238 554 encta
259 494 462 555 melancolicis
485 494 610 555 infestet
631 493 741 570 passio.
778 493 865 553 laeva

149 584 246 644 aerior
268 587 314 643 est
335 585 367 643 in
390 588 476 661 parte
500 584 598 659 dolor,
621 601 709 659 sapor
731 583 790 642 oris
814 584 937 658 acescit,

148 674 262 734 invitus
285 691 425 750 sompnos
448 673 552 733 oculus
575 673 669 749 capit,
692 672 777 751 algor
800 690 924 732 acumen

148 763 249 822 irritat
270 762 380 838 morbi,
403 763 484 822 calor
507 764 590 822 extat
612 779 702 821 causa
724 760 866 835 salubris,

148 852 233 929 lippa
255 851 322 912 labe
344 851 447 911 madet
469 852 573 911 oculus
597 851 759 926 morboque
782 851 936 910 ministret

92 962 129 1001 res
149 941 249 1001 crebro
272 942 429 1000 materiam
453 940 565 1018 frigens
590 943 771 1017 autumpnus
795 942 825 999 et
847 940 962 1000 horem.

150 1029 182 1089 Si
204 1031 290 1091 dolor
313 1050 348 1089 ex
371 1029 524 1090 stomacho
547 1029 695 1106 procedit,
718 1028 798 1088 cedit
820 1028 859 1088 ad
881 1028 995 1088 horam.

149 1121 174 1179 si
197 1120 292 1180 morbi
315 1138 437 1179 causam
456 1122 547 1196 caput
570 1118 666 1194 abdit,
690 1118 864 1178 continuata
964 1190 967 1198 Ι

149 1211 248 1286 passio
272 1210 446 1268 continuum
470 1209 578 1284 capitis
602 1208 688 1267 docet
711 1225 775 1267 esse
798 1206 939 1266 dolorem.

221 1299 379 1358 Errantem
401 1297 458 1356 tibi
482 1299 688 1358 demonstrant
710 1298 783 1357 haec
806 1297 894 1374 signe
917 1296 1095 1355 frenesim.

93 1409 129 1447 rso
148 1389 172 1447 si
195 1388 330 1464 loquitur
353 1405 450 1447 errore
472 1406 580 1464 vagus,
603 1387 723 1462 privata
746 1386 844 1446 colore

146 1477 251 1535 urinae
273 1477 371 1535 tenuis
394 1476 578 1552 substantia,
598 1477 733 1555 tegmina
757 1474 853 1552 carpit

147 1566 299 1625 mobilitas
323 1585 480 1641 manuum,
504 1565 605 1625 vultus
629 1583 769 1641 suprema
792 1564 953 1638 lacessens,

148 1654 302 1714 instabiles
327 1652 407 1714 oculi
429 1654 591 1714 furibundo
615 1655 736 1733 singula
758 1655 826 1713 visu

148 1744 367 1822 perstringunt,
390 1744 522 1803 retinent
544 1762 668 1821 sompno
692 1746 833 1821 pereunte
857 1760 1000 1818 perennes

91 1853 129 1892 us
148 1833 294 1894 excubias.
332 1852 410 1892 nunc
434 1835 498 1894 rixa
521 1834 645 1910 loquax,
669 1853 747 1892 nuno
769 1833 847 1891 risus
871 1833 902 1890 in
927 1850 991 1904 ore,

147 1943 226 1981 nunc
250 1923 375 1983 reboans
399 1924 524 1999 clamor,
548 1942 625 1982 nunc
648 1927 734 1983 muta
757 1920 891 1994 silentia,
915 1939 994 1980 nunc
1018 1938 1088 1995 per,

148 2033 226 2072 nune
249 2012 354 2072 rabies
392 2014 496 2072 stratis
519 2032 576 2072 non
601 2032 764 2089 numquam
786 2010 906 2087 prosilit
929 2028 1018 2087 aeger

147 2106 182 2162 ut
205 2103 312 2178 (quovis
336 2104 502 2162 succinctus
526 2105 589 2176 eat,
612 2102 701 2161 febris
726 2102 813 2160 ardor
836 2102 940 2158 acutae

148 2195 231 2250 artus
256 2193 362 2249 exurit.
400 2193 445 2250 vis
469 2190 598 2267 amplior
620 2191 712 2250 insita
734 2188 874 2248 membris

91 2300 129 2337 rso
148 2280 172 2339 si
197 2281 302 2356 quovis
326 2298 395 2338 casu
419 2298 561 2356 sompnus
586 2279 674 2338 datur
695 2279 817 2338 horride
841 2279 952 2354 promit

148 2368 298 2445 sompnia,
322 2368 423 2428 crebro
449 2369 531 2430 venit
553 2387 607 2427 nec
630 2387 690 2428 non
714 2370 773 2427 cito
797 2367 941 2445 praeterit
964 2368 1042 2425 ictus

148 2458 288 2532 arteriae,
312 2458 412 2518 vultus
436 2458 524 2518 rubet
547 2460 600 2517 eut
622 2458 730 2518 citrina
752 2456 881 2516 recludit

149 2550 287 2606 usturam
311 2548 426 2607 colerae
450 2550 555 2623 facies,
578 2547 702 2626 nigredo
726 2548 860 2623 palatum

147 2638 255 2711 inficit,
279 2639 309 2695 et
331 2636 451 2716 linguae
474 2638 617 2697 sermonis
641 2637 792 2697 subtrahit
813 2653 899 2694 usum

92 2746 128 2784 res
149 2725 273 2785 ariditas
298 2728 371 2800 oris,
398 2746 472 2805 quas
496 2745 555 2785 non
578 2728 632 2786 dat
654 2725 754 2802 passio
777 2724 887 2783 mentis

148 2816 257 2874 diffluit
280 2817 310 2872 in
336 2816 475 2876 lacrimas
499 2818 616 2889 oculus,
641 2815 694 2892 qui
718 2815 803 2873 sorde
827 2814 960 2872 madenti

222 2974 267 3022 131
291 2969 425 3023 acriorem
442 2972 505 3038 (pro
520 2969 611 3022 acrior
630 2970 654 3036 c)
669 2969 699 3021 in
719 2986 745 3035 p.
761 2985 787 3021 m
803 2970 807 3037 1
824 2967 927 3020 acessit
945 2984 972 3019 ru
990 2966 999 3033 t
1020 2970 1070 3018 136
1090 2984 1125 3020 ra

149 3042 236 3109 Signa
254 3042 349 3093 utrum
368 3040 406 3094 sit
425 3056 442 3092 a
461 3041 605 3094 stomacho
624 3039 668 3093 vel
688 3055 705 3092 a
724 3039 818 3107 capite
839 3058 871 3092 m.
909 3038 943 3104 cf.
965 3038 1004 3090 lo.
1026 3036 1055 3089 Si
1074 3037 1113 3090 sit

148 3113 242 3181 capite
262 3114 304 3165 est
323 3112 485 3178 continuus,
505 3112 530 3164 si
549 3127 582 3164 ex
601 3111 746 3164 stomacho
766 3113 808 3164 cst
827 3108 1014 3178 interpolatus
1037 3110 1040 3151 1
1062 3107 1122 3180 lllfs(

158 3184 246 3237 detrit.
277 3200 303 3237 m

148 3188 157 3251 (
221 3185 271 3308 isis
290 3255 363 3309 rubr.
385 3254 472 3323 Signa
496 3253 612 3308 franceis
632 3252 734 3306 XXllll
759 3272 781 3306 m
806 3254 816 3323 Η
841 3257 891 3305 140
911 3250 977 3305 Sino
1002 3250 1105 3318 loqn(..

148 3326 248 3393 ‹letrit.)
268 3344 294 3380 m
312 3326 321 3395 Η
341 3332 391 3379 142
411 3325 553 3379 lacescens
572 3342 599 3378 m
616 3324 626 3396 lt
650 3330 700 3378 152
720 3327 755 3392 cs.
775 3327 813 3379 Io.
835 3322 952 3392 nigredo
973 3323 1081 3389 lingue,
1105 3340 1125 3377 n

147 3395 219 3450 tatio
244 3396 344 3451 coloris
368 3397 440 3451 cutis
464 3397 494 3450 in
517 3396 648 3450 citrinum
668 3397 693 3450 si
712 3412 746 3450 ex
765 3395 870 3459 colera,
894 3394 937 3447 vel
956 3395 984 3447 in
1004 3392 1122 3448 rubeum

148 3484 181 3521 ex
205 3468 343 3537 sanguine
367 3470 416 3537 (sic
440 3470 491 3535 Io,
513 3484 569 3522 nore
592 3469 676 3535 Plut.)
707 3468 717 3540 Η
748 3473 799 3520 154
823 3466 927 3533 lingum
956 3485 982 3520 m
1008 3470 1011 3533 t
1037 3467 1086 3518 sat
1111 3470 1125 3533 p

148 3556 240 3594 rerem
260 3542 362 3608 (usum)
381 3542 412 3593 irs
432 3556 515 3610 scarp.
535 3540 641 3593 latetur
659 3557 709 3594 scr.
727 3557 754 3594 m
