2416 4004
101 791 203 873 Aude
228 814 358 891 aliquid,
381 834 448 874 mea
470 816 570 890 Musa,
593 818 677 890 novi,
701 816 851 893 proscribe
874 820 1025 896 timorem,

58 903 150 962 arcius
174 904 277 982 arguti
299 904 406 964 timeas
430 905 560 964 censoris
584 924 707 964 acumen

58 1011 123 1068 ;que
146 993 283 1052 theonini
304 1011 421 1053 morsus
445 993 484 1052 ad
506 996 634 1053 vulnera
657 994 754 1054 dentis

58 1101 130 1159 equa
151 1084 251 1140 mente
275 1082 363 1141 feras.
410 1082 507 1142 discas
531 1084 653 1142 sufferre
676 1084 844 1145 cachinnos.

58 1191 67 1230 e
90 1170 219 1248 trepida.
266 1173 337 1247 quia
360 1175 462 1231 mutus
486 1172 543 1232 erit
566 1173 685 1232 feritate
708 1177 823 1232 remota

58 1281 123 1318 uem
145 1261 260 1320 saevire
283 1261 379 1320 times.
426 1280 479 1320 nec
503 1261 544 1321 sit
565 1261 622 1321 tibi
644 1262 743 1339 gloria
764 1264 845 1339 finis,

58 1349 83 1408 d
106 1349 247 1426 prodesse
269 1348 345 1408 rudi.
392 1369 445 1410 nec
468 1369 563 1410 vanae
586 1370 710 1410 munera
732 1352 832 1411 laudis

58 1439 151 1498 maris
175 1453 229 1498 nee
252 1438 297 1498 vis
321 1439 440 1498 ederam
462 1439 519 1498 tibi
541 1440 672 1499 lambere
695 1442 822 1500 vultum.

58 1531 66 1588 t
88 1527 200 1604 prosis,
224 1545 285 1585 non
307 1532 343 1587 ut
365 1529 499 1604 placeas,
522 1530 589 1588 loca
611 1529 732 1606 publica
754 1531 861 1606 pescia.

103 1616 249 1676 Materiae
272 1619 406 1694 gravitas
429 1617 487 1677 tibi
510 1619 588 1678 vires
612 1621 766 1697 aggravat.
812 1620 882 1680 inde

58 1725 100 1783 ¹›ca
125 1705 241 1765 defecta
263 1706 328 1764 tibi.
375 1706 427 1766 sed
451 1708 532 1783 quod
555 1726 615 1766 non
639 1708 749 1767 sufficis
774 1712 856 1784 actu,

58 1795 141 1854 dectu
165 1796 312 1871 complere
335 1796 430 1855 stude.
476 1816 547 1856 nam
569 1798 634 1856 sola
656 1797 796 1857 voluntas

58 1884 146 1944 officit
169 1884 208 1942 ad
230 1884 331 1942 meriti
354 1887 498 1962 pretium,
521 1904 590 1944 cum
613 1904 699 1962 posse
723 1889 860 1964 negatur.

58 1993 150 2033 ‚vere
175 1991 229 2050 pro
253 1992 339 2049 posse
362 1993 417 2034 suo
440 1974 576 2051 procedit
597 1976 628 2033 in
652 1978 753 2034 actum

58 2063 143 2122 loulti
165 2062 291 2139 torpedo
314 2063 391 2136 stili,
413 2063 597 2123 moderatius
619 2064 651 2122 in
674 2067 704 2123 te

58 2153 148 2212 reniet
170 2150 302 2227 auditor,
325 2156 356 2212 et
377 2155 482 2228 parcet
503 2154 607 2212 rodere
630 2154 707 2213 livor

58 2259 163 2302 ansans
186 2240 319 2301 affectus.
365 2262 436 2321 ergo
460 2243 611 2302 succincta
632 2243 734 2320 relega

58 2331 205 2409 rgnitiem,
228 2332 379 2407 torporem
402 2331 532 2406 discute,
555 2350 689 2408 promere
711 2351 806 2408 pensa

58 2419 107 2480 rid
129 2419 227 2477 morbi
249 2421 383 2498 signum,
407 2440 482 2496 quae
507 2422 568 2479 sint
590 2422 774 2480 sinthomata
798 2421 912 2480 cunetis

58 2507 230 2586 ppropriata
252 2509 353 2584 malis,
377 2512 407 2568 et
428 2509 459 2567 in
483 2510 539 2569 hoc
563 2509 604 2569 sit
625 2513 707 2569 meta
730 2510 849 2570 laboris.

105 2704 120 2750 1
140 2699 214 2751 raba.
234 2695 359 2764 Explicit
376 2696 450 2751 liber
468 2697 502 2750 de
520 2697 609 2750 urinis
629 2697 738 2751 edictus
758 2697 793 2750 ab
813 2698 914 2766 egidio.
947 2697 1051 2768 Incipit

58 2771 104 2823 ter
127 2769 163 2821 de
185 2767 274 2838 signis
298 2770 327 2821 et
347 2768 565 2822 sinthomatibus
585 2769 777 2839 egritudinum
796 2786 823 2823 m
846 2771 855 2840 11
878 2770 947 2836 tos.
967 2770 1050 2824 dente

58 2840 177 2895 teonino
197 2840 296 2894 Horat.
317 2840 392 2908 epist.
413 2842 438 2907 1,
452 2846 496 2906 16,
510 2844 546 2895 82
568 2839 577 2912 11
598 2845 615 2892 4
635 2839 748 2894 echinos
767 2858 794 2895 m
819 2846 828 2911 11
853 2845 869 2892 l>
894 2841 972 2908 quia:
996 2858 1050 2909 que

58 2915 81 2983 3)
107 2930 133 2964 m
161 2909 171 2982 11
197 2915 360 2964 ‘lmuneraz
383 2910 502 2965 uulnera
522 2913 580 2980 (sio)
599 2929 626 2965 m
650 2910 660 2983 11
681 2916 696 2964 8
715 2912 839 2965 venaris:
861 2912 970 2966 veneris
993 2930 1020 2967 m
1045 2914 1047 2983 1

67 3020 113 3072 nis
132 3006 215 3072 ed‘am
234 3035 261 3072 aa
280 3020 325 3085 (sc.
344 3017 488 3071 victricem
508 3019 576 3072 Hor.
598 3035 637 3086 ep.
658 3019 723 3084 1,3,
737 3020 783 3087 25)
806 3017 816 3089 11
840 3024 855 3070 9
879 3024 914 3071 no
938 3018 1051 3087 placeat

58 3109 93 3145 m.
113 3093 146 3143 ut
174 3107 201 3144 m

106 3092 232 3215 10)rabr.
247 3160 294 3214 hio
313 3161 395 3213 notat
416 3160 613 3214 difficultatem
632 3160 724 3229 operis
738 3178 765 3214 m
782 3161 792 3232 11
811 3166 845 3213 14
862 3176 927 3214 vere
942 3162 987 3228 (l):
1006 3166 1051 3214 ᾗ

82 3236 124 3301 <ia
149 3233 255 3286 duobus
276 3233 383 3300 pacata
407 3232 632 3301 coaptatiaaada's
656 3238 710 3286 tres
734 3232 779 3285 hic
805 3234 911 3285 litterae
936 3232 1051 3288 detritae

58 3308 107 3374 νηί)
129 3304 139 3376 11
163 3308 196 3356 15
215 3302 327 3356 Incultu
345 3320 372 3357 m
394 3301 403 3376 11
427 3308 459 3355 1‘1
479 3302 602 3357 Pensans
621 3302 734 3356 auditor
753 3305 832 3372 (male
849 3305 942 3372 repet.)
966 3302 1050 3357 affec-

58 3394 78 3429 ιε
116 3393 151 3430 m.
202 3374 266 3428 rudi
303 3376 331 3428 et
366 3373 475 3427 inculto
512 3373 577 3428 stilo
615 3375 746 3428 contexta
783 3381 895 3429 excusat
931 3376 1049 3430 Parado-

58 3447 156 3518 lpr'diae
174 3447 306 3500 ariamiro
320 3446 392 3514 prol.
404 3461 478 3514 pros.
493 3447 624 3501 carminis
642 3447 675 3500 de
693 3447 801 3515 simplic
819 3447 1023 3516 compositisque
1041 3448 1050 3517 11

58 3524 68 3572 )
88 3518 251 3587 apropriata
269 3536 295 3571 aa

880 3621 918 3678 x*
