<?xml version="1.0" encoding="UTF-8"?>
<!DOCTYPE html PUBLIC "-//W3C//DTD XHTML 1.0 Transitional//EN"
    "http://www.w3.org/TR/xhtml1/DTD/xhtml1-transitional.dtd">
<html xmlns="http://www.w3.org/1999/xhtml" xml:lang="en" lang="en">
 <head>
  <title>
</title>
<meta http-equiv="Content-Type" content="text/html;charset=utf-8" />
  <meta name='ocr-system' content='tesseract 3.04.00' />
  <meta name='ocr-capabilities' content='ocr_page ocr_carea ocr_par ocr_line ocrx_word'/>
</head>
<body>
  <div class='ocr_page' id='page_1' title='image "./egidiicorbolien01rosegoog_0102.png"; bbox 0 0 2422 3998; ppageno 0'>
   <div class='ocr_carea' id='block_1_1' title="bbox 540 205 708 261">
    <p class='ocr_par' dir='ltr' id='par_1_1' title="bbox 540 205 708 261">
     <span class='ocr_line' id='line_1_1' title="bbox 540 205 708 261; baseline -0.006 -1"><span class='ocrx_word' id='word_1_1' title='bbox 540 205 708 261; x_wconf 81' lang='lat' dir='ltr'>VIATICUS</span> 
     </span>
    </p>
   </div>
   <div class='ocr_carea' id='block_1_2' title="bbox 70 331 924 789">
    <p class='ocr_par' dir='ltr' id='par_1_2' title="bbox 70 331 924 789">
     <span class='ocr_line' id='line_1_2' title="bbox 70 331 817 432; baseline 0.008 -23"><span class='ocrx_word' id='word_1_2' title='bbox 70 331 218 421; x_wconf 56' lang='lat' dir='ltr'>mgit.</span> <span class='ocrx_word' id='word_1_3' title='bbox 254 373 289 413; x_wconf 85' lang='lat' dir='ltr'>ex</span> <span class='ocrx_word' id='word_1_4' title='bbox 312 356 419 431; x_wconf 81' lang='lat' dir='ltr'>quovis</span> <span class='ocrx_word' id='word_1_5' title='bbox 441 356 515 416; x_wconf 88' lang='lat' dir='ltr'>haec</span> <span class='ocrx_word' id='word_1_6' title='bbox 538 356 723 432; x_wconf 86' lang='lat' dir='ltr'>respiracula</span> <span class='ocrx_word' id='word_1_7' title='bbox 745 375 817 417; x_wconf 91' lang='lat' dir='ltr'>casu</span> 
     </span>
     <span class='ocr_line' id='line_1_3' title="bbox 96 426 924 523; baseline 0.006 -21"><span class='ocrx_word' id='word_1_8' title='bbox 96 426 271 518; x_wconf 52' lang='lat' dir='ltr'>eii(siunt,</span> <span class='ocrx_word' id='word_1_9' title='bbox 294 443 422 504; x_wconf 90' lang='lat' dir='ltr'>necdum</span> <span class='ocrx_word' id='word_1_10' title='bbox 444 445 640 523; x_wconf 74' lang='lat' dir='ltr'>praescriptio</span> <span class='ocrx_word' id='word_1_11' title='bbox 664 446 806 521; x_wconf 88' lang='lat' dir='ltr'>temporis</span> <span class='ocrx_word' id='word_1_12' title='bbox 829 447 924 507; x_wconf 86' lang='lat' dir='ltr'>instet</span> 
     </span>
     <span class='ocr_line' id='line_1_4' title="bbox 85 513 856 613; baseline 0.01 -27"><span class='ocrx_word' id='word_1_13' title='bbox 85 513 272 592; x_wconf 51' lang='lat' dir='ltr'>Praedam</span> <span class='ocrx_word' id='word_1_14' title='bbox 309 533 430 613; x_wconf 82' lang='lat' dir='ltr'>signum</span> <span class='ocrx_word' id='word_1_15' title='bbox 453 534 585 595; x_wconf 86' lang='lat' dir='ltr'>defectus</span> <span class='ocrx_word' id='word_1_16' title='bbox 609 534 721 612; x_wconf 81' lang='lat' dir='ltr'><strong>grande</strong></span> <span class='ocrx_word' id='word_1_17' title='bbox 745 535 856 594; x_wconf 91' lang='lat' dir='ltr'>doloris</span> 
     </span>
     <span class='ocr_line' id='line_1_5' title="bbox 95 603 913 699; baseline 0.005 -20"><span class='ocrx_word' id='word_1_18' title='bbox 95 603 299 694; x_wconf 44' lang='lat' dir='ltr'>*triplicium</span> <span class='ocrx_word' id='word_1_19' title='bbox 322 625 415 698; x_wconf 88' lang='lat' dir='ltr'>caput</span> <span class='ocrx_word' id='word_1_20' title='bbox 435 623 594 699; x_wconf 84' lang='lat' dir='ltr'>infestans,</span> <span class='ocrx_word' id='word_1_21' title='bbox 618 625 754 698; x_wconf 84' lang='lat' dir='ltr'>fastidia,</span> <span class='ocrx_word' id='word_1_22' title='bbox 777 612 913 683; x_wconf 70' lang='lat' dir='ltr'>renum-¹</span> 
     </span>
     <span class='ocr_line' id='line_1_6' title="bbox 105 687 904 789; baseline 0.006 -21"><span class='ocrx_word' id='word_1_23' title='bbox 105 687 142 750; x_wconf 47' lang='lat' dir='ltr'>ii</span> <span class='ocrx_word' id='word_1_24' title='bbox 167 707 252 772; x_wconf 88' lang='lat' dir='ltr'>dorsi</span> <span class='ocrx_word' id='word_1_25' title='bbox 274 712 422 789; x_wconf 82' lang='lat' dir='ltr'>gravitas,</span> <span class='ocrx_word' id='word_1_26' title='bbox 446 714 601 772; x_wconf 89' lang='lat' dir='ltr'>oculorum</span> <span class='ocrx_word' id='word_1_27' title='bbox 624 714 702 773; x_wconf 85' lang='lat' dir='ltr'>livor</span> <span class='ocrx_word' id='word_1_28' title='bbox 725 713 904 774; x_wconf 90' lang='lat' dir='ltr'>obumbrans</span> 
     </span>
    </p>
   </div>
   <div class='ocr_carea' id='block_1_3' title="bbox 70 788 976 2307">
    <p class='ocr_par' dir='ltr' id='par_1_3' title="bbox 70 788 976 2307">
     <span class='ocr_line' id='line_1_7' title="bbox 112 788 852 878; baseline 0.009 -24"><span class='ocrx_word' id='word_1_29' title='bbox 112 788 243 876; x_wconf 58' lang='lat' dir='ltr'>radices,</span> <span class='ocrx_word' id='word_1_30' title='bbox 267 800 383 878; x_wconf 89' lang='lat' dir='ltr'>pondus</span> <span class='ocrx_word' id='word_1_31' title='bbox 406 803 532 877; x_wconf 76' lang='lat' dir='ltr'>ventis,</span> <span class='ocrx_word' id='word_1_32' title='bbox 557 804 725 863; x_wconf 73' lang='lat' dir='ltr'><strong>stomachus</strong></span> <span class='ocrx_word' id='word_1_33' title='bbox 748 804 852 863; x_wconf 86' lang='lat' dir='ltr'>vitiosi</span> 
     </span>
     <span class='ocr_line' id='line_1_8' title="bbox 70 883 868 968; baseline 0.011 -24"><span class='ocrx_word' id='word_1_34' title='bbox 70 883 233 950; x_wconf 72' lang='lat' dir='ltr'>¹⁸³⁰11eseius</span> <span class='ocrx_word' id='word_1_35' title='bbox 257 890 391 966; x_wconf 86' lang='lat' dir='ltr'>effectus,</span> <span class='ocrx_word' id='word_1_36' title='bbox 414 890 491 951; x_wconf 89' lang='lat' dir='ltr'>facie</span> <span class='ocrx_word' id='word_1_37' title='bbox 515 893 696 968; x_wconf 82' lang='lat' dir='ltr'>quandoque</span> <span class='ocrx_word' id='word_1_38' title='bbox 719 893 868 953; x_wconf 71' lang='lat' dir='ltr'><strong>resultans</strong></span> 
     </span>
     <span class='ocr_line' id='line_1_9' title="bbox 127 980 976 1060; baseline -0.002 -17"><span class='ocrx_word' id='word_1_39' title='bbox 127 980 241 1042; x_wconf 71' lang='lat' dir='ltr'>sustula</span> <span class='ocrx_word' id='word_1_40' title='bbox 265 980 448 1056; x_wconf 82' lang='lat' dir='ltr'><strong>deformans,</strong></span> <span class='ocrx_word' id='word_1_41' title='bbox 471 981 504 1039; x_wconf 92' lang='lat' dir='ltr'>in</span> <span class='ocrx_word' id='word_1_42' title='bbox 526 985 612 1040; x_wconf 88' lang='lat' dir='ltr'>motu</span> <span class='ocrx_word' id='word_1_43' title='bbox 635 981 768 1041; x_wconf 88' lang='lat' dir='ltr'>membra</span> <span class='ocrx_word' id='word_1_44' title='bbox 791 985 976 1060; x_wconf 83' lang='lat' dir='ltr'>pigrescunt,</span> 
     </span>
     <span class='ocr_line' id='line_1_10' title="bbox 129 1052 772 1147; baseline 0.009 -25"><span class='ocrx_word' id='word_1_45' title='bbox 129 1052 233 1128; x_wconf 88' lang='lat' dir='ltr'>loturae</span> <span class='ocrx_word' id='word_1_46' title='bbox 257 1069 354 1128; x_wconf 89' lang='lat' dir='ltr'>carnis</span> <span class='ocrx_word' id='word_1_47' title='bbox 378 1069 483 1130; x_wconf 88' lang='lat' dir='ltr'>effusio</span> <span class='ocrx_word' id='word_1_48' title='bbox 506 1071 555 1129; x_wconf 81' lang='lat' dir='ltr'>vel</span> <span class='ocrx_word' id='word_1_49' title='bbox 577 1070 652 1147; x_wconf 83' lang='lat' dir='ltr'><strong>picis</strong></span> <span class='ocrx_word' id='word_1_50' title='bbox 674 1070 772 1131; x_wconf 88' lang='lat' dir='ltr'>instar</span> 
     </span>
     <span class='ocr_line' id='line_1_11' title="bbox 128 1154 972 1237; baseline 0.009 -25"><span class='ocrx_word' id='word_1_51' title='bbox 128 1154 205 1234; x_wconf 83' lang='lat' dir='ltr'>nigra</span> <span class='ocrx_word' id='word_1_52' title='bbox 226 1157 303 1218; x_wconf 87' lang='lat' dir='ltr'>fluit.</span> <span class='ocrx_word' id='word_1_53' title='bbox 349 1158 436 1218; x_wconf 82' lang='lat' dir='ltr'>Facit</span> <span class='ocrx_word' id='word_1_54' title='bbox 457 1161 538 1218; x_wconf 92' lang='lat' dir='ltr'>hunc</span> <span class='ocrx_word' id='word_1_55' title='bbox 561 1159 709 1219; x_wconf 86' lang='lat' dir='ltr'>defectum</span> <span class='ocrx_word' id='word_1_56' title='bbox 733 1178 858 1237; x_wconf 87' lang='lat' dir='ltr'>corpora</span> <span class='ocrx_word' id='word_1_57' title='bbox 882 1180 972 1221; x_wconf 89' lang='lat' dir='ltr'>causa</span> 
     </span>
     <span class='ocr_line' id='line_1_12' title="bbox 127 1248 798 1324; baseline 0.006 -20"><span class='ocrx_word' id='word_1_58' title='bbox 127 1248 281 1307; x_wconf 83' lang='lat' dir='ltr'>extenuans</span> <span class='ocrx_word' id='word_1_59' title='bbox 304 1248 454 1324; x_wconf 89' lang='lat' dir='ltr'><strong>morbum,</strong></span> <span class='ocrx_word' id='word_1_60' title='bbox 477 1248 552 1324; x_wconf 89' lang='lat' dir='ltr'>irae,</span> <span class='ocrx_word' id='word_1_61' title='bbox 576 1249 702 1324; x_wconf 87' lang='lat' dir='ltr'>ieiunia,</span> <span class='ocrx_word' id='word_1_62' title='bbox 726 1268 798 1309; x_wconf 91' lang='lat' dir='ltr'>cura</span> 
     </span>
     <span class='ocr_line' id='line_1_13' title="bbox 70 1336 882 1414; baseline 0.01 -25"><span class='ocrx_word' id='word_1_63' title='bbox 70 1348 109 1390; x_wconf 78' lang='lat' dir='ltr'>rus</span> <span class='ocrx_word' id='word_1_64' title='bbox 123 1336 274 1413; x_wconf 84' lang='lat' dir='ltr'>tristitiae,</span> <span class='ocrx_word' id='word_1_65' title='bbox 299 1338 402 1412; x_wconf 91' lang='lat' dir='ltr'>timor,</span> <span class='ocrx_word' id='word_1_66' title='bbox 426 1337 579 1413; x_wconf 76' lang='lat' dir='ltr'>excubiae,</span> <span class='ocrx_word' id='word_1_67' title='bbox 603 1338 767 1414; x_wconf 85' lang='lat' dir='ltr'>complexio</span> <span class='ocrx_word' id='word_1_68' title='bbox 791 1338 882 1414; x_wconf 89' lang='lat' dir='ltr'>sicca,</span> 
     </span>
     <span class='ocr_line' id='line_1_14' title="bbox 121 1425 864 1504; baseline 0.001 -20"><span class='ocrx_word' id='word_1_69' title='bbox 121 1425 272 1504; x_wconf 83' lang='lat' dir='ltr'>sanguinis</span> <span class='ocrx_word' id='word_1_70' title='bbox 296 1445 437 1486; x_wconf 84' lang='lat' dir='ltr'>emanans</span> <span class='ocrx_word' id='word_1_71' title='bbox 460 1430 543 1487; x_wconf 87' lang='lat' dir='ltr'>rivus</span> <span class='ocrx_word' id='word_1_72' title='bbox 567 1446 635 1486; x_wconf 92' lang='lat' dir='ltr'>oum</span> <span class='ocrx_word' id='word_1_73' title='bbox 656 1428 779 1487; x_wconf 90' lang='lat' dir='ltr'>naribus</span> <span class='ocrx_word' id='word_1_74' title='bbox 802 1428 864 1486; x_wconf 85' lang='lat' dir='ltr'>exit</span> 
     </span>
     <span class='ocr_line' id='line_1_15' title="bbox 117 1514 919 1595; baseline 0.002 -20"><span class='ocrx_word' id='word_1_75' title='bbox 117 1516 165 1576; x_wconf 86' lang='lat' dir='ltr'>vel</span> <span class='ocrx_word' id='word_1_76' title='bbox 188 1516 284 1575; x_wconf 88' lang='lat' dir='ltr'>fluxus</span> <span class='ocrx_word' id='word_1_77' title='bbox 307 1514 429 1574; x_wconf 84' lang='lat' dir='ltr'>aliunde</span> <span class='ocrx_word' id='word_1_78' title='bbox 451 1517 528 1576; x_wconf 86' lang='lat' dir='ltr'>fluit.</span> <span class='ocrx_word' id='word_1_79' title='bbox 565 1519 637 1576; x_wconf 90' lang='lat' dir='ltr'>tunc</span> <span class='ocrx_word' id='word_1_80' title='bbox 661 1518 746 1595; x_wconf 84' lang='lat' dir='ltr'>signa</span> <span class='ocrx_word' id='word_1_81' title='bbox 769 1516 919 1577; x_wconf 89' lang='lat' dir='ltr'>notabunt</span> 
     </span>
     <span class='ocr_line' id='line_1_16' title="bbox 115 1604 896 1683; baseline -0.001 -18"><span class='ocrx_word' id='word_1_82' title='bbox 115 1605 177 1665; x_wconf 88' lang='lat' dir='ltr'>ista</span> <span class='ocrx_word' id='word_1_83' title='bbox 198 1604 300 1680; x_wconf 91' lang='lat' dir='ltr'>fidem,</span> <span class='ocrx_word' id='word_1_84' title='bbox 323 1605 447 1681; x_wconf 90' lang='lat' dir='ltr'>macies,</span> <span class='ocrx_word' id='word_1_85' title='bbox 472 1606 618 1680; x_wconf 74' lang='lat' dir='ltr'>defectis,</span> <span class='ocrx_word' id='word_1_86' title='bbox 642 1607 741 1683; x_wconf 86' lang='lat' dir='ltr'>pallor</span> <span class='ocrx_word' id='word_1_87' title='bbox 764 1606 896 1680; x_wconf 79' lang='lat' dir='ltr'>adulter,</span> 
     </span>
     <span class='ocr_line' id='line_1_17' title="bbox 113 1694 834 1772; baseline 0 -18"><span class='ocrx_word' id='word_1_88' title='bbox 113 1697 221 1754; x_wconf 90' lang='lat' dir='ltr'>urinae</span> <span class='ocrx_word' id='word_1_89' title='bbox 243 1695 343 1754; x_wconf 89' lang='lat' dir='ltr'>tenuis</span> <span class='ocrx_word' id='word_1_90' title='bbox 366 1694 544 1754; x_wconf 86' lang='lat' dir='ltr'>substantia.</span> <span class='ocrx_word' id='word_1_91' title='bbox 589 1695 752 1772; x_wconf 90' lang='lat' dir='ltr'>Praepedit</span> <span class='ocrx_word' id='word_1_92' title='bbox 773 1696 834 1755; x_wconf 92' lang='lat' dir='ltr'>ista</span> 
     </span>
     <span class='ocr_line' id='line_1_18' title="bbox 70 1783 976 1862; baseline 0.001 -20"><span class='ocrx_word' id='word_1_93' title='bbox 70 1803 95 1842; x_wconf 78' lang='lat' dir='ltr'>so</span> <span class='ocrx_word' id='word_1_94' title='bbox 113 1783 393 1859; x_wconf 75' lang='lat' dir='ltr'>humor‘visoosus,</span> <span class='ocrx_word' id='word_1_95' title='bbox 416 1784 537 1862; x_wconf 83' lang='lat' dir='ltr'>pinguis</span> <span class='ocrx_word' id='word_1_96' title='bbox 560 1784 695 1859; x_wconf 89' lang='lat' dir='ltr'>habitus,</span> <span class='ocrx_word' id='word_1_97' title='bbox 720 1803 844 1843; x_wconf 90' lang='lat' dir='ltr'>carnosa</span> <span class='ocrx_word' id='word_1_98' title='bbox 867 1784 976 1862; x_wconf 85' lang='lat' dir='ltr'>figura,</span> 
     </span>
     <span class='ocr_line' id='line_1_19' title="bbox 113 1873 882 1951; baseline -0.001 -19"><span class='ocrx_word' id='word_1_99' title='bbox 113 1873 229 1932; x_wconf 89' lang='lat' dir='ltr'>multus</span> <span class='ocrx_word' id='word_1_100' title='bbox 252 1873 284 1930; x_wconf 89' lang='lat' dir='ltr'>in</span> <span class='ocrx_word' id='word_1_101' title='bbox 307 1874 407 1948; x_wconf 88' lang='lat' dir='ltr'>urina,</span> <span class='ocrx_word' id='word_1_102' title='bbox 430 1891 623 1951; x_wconf 89' lang='lat' dir='ltr'>praecurrens</span> <span class='ocrx_word' id='word_1_103' title='bbox 646 1892 750 1950; x_wconf 81' lang='lat' dir='ltr'>grossa</span> <span class='ocrx_word' id='word_1_104' title='bbox 773 1874 882 1933; x_wconf 88' lang='lat' dir='ltr'>diaeta.</span> 
     </span>
     <span class='ocr_line' id='line_1_20' title="bbox 112 1961 817 2040; baseline 0.001 -18"><span class='ocrx_word' id='word_1_105' title='bbox 112 1966 250 2038; x_wconf 89' lang='lat' dir='ltr'>tempore</span> <span class='ocrx_word' id='word_1_106' title='bbox 273 1981 334 2038; x_wconf 92' lang='lat' dir='ltr'>quo</span> <span class='ocrx_word' id='word_1_107' title='bbox 356 1961 441 2021; x_wconf 86' lang='lat' dir='ltr'>reddi</span> <span class='ocrx_word' id='word_1_108' title='bbox 465 1965 591 2022; x_wconf 86' lang='lat' dir='ltr'>naturae</span> <span class='ocrx_word' id='word_1_109' title='bbox 615 1962 715 2022; x_wconf 88' lang='lat' dir='ltr'>debita</span> <span class='ocrx_word' id='word_1_110' title='bbox 737 1963 817 2040; x_wconf 86' lang='lat' dir='ltr'>leges</span> 
     </span>
     <span class='ocr_line' id='line_1_21' title="bbox 112 2051 863 2130; baseline -0.001 -19"><span class='ocrx_word' id='word_1_111' title='bbox 112 2053 282 2129; x_wconf 84' lang='lat' dir='ltr'>exposcunt</span> <span class='ocrx_word' id='word_1_112' title='bbox 304 2070 358 2110; x_wconf 90' lang='lat' dir='ltr'>nec</span> <span class='ocrx_word' id='word_1_113' title='bbox 380 2051 424 2109; x_wconf 90' lang='lat' dir='ltr'>nil</span> <span class='ocrx_word' id='word_1_114' title='bbox 448 2054 576 2130; x_wconf 83' lang='lat' dir='ltr'>augetur</span> <span class='ocrx_word' id='word_1_115' title='bbox 599 2071 703 2129; x_wconf 83' lang='lat' dir='ltr'>grossa</span> <span class='ocrx_word' id='word_1_116' title='bbox 727 2053 863 2112; x_wconf 88' lang='lat' dir='ltr'>deorsum</span> 
     </span>
     <span class='ocr_line' id='line_1_22' title="bbox 112 2140 937 2219; baseline -0.004 -18"><span class='ocrx_word' id='word_1_117' title='bbox 112 2141 295 2219; x_wconf 86' lang='lat' dir='ltr'>muscillago</span> <span class='ocrx_word' id='word_1_118' title='bbox 319 2140 426 2216; x_wconf 89' lang='lat' dir='ltr'>fluens,</span> <span class='ocrx_word' id='word_1_119' title='bbox 450 2141 505 2200; x_wconf 91' lang='lat' dir='ltr'>sub</span> <span class='ocrx_word' id='word_1_120' title='bbox 529 2144 648 2218; x_wconf 87' lang='lat' dir='ltr'>pectore</span> <span class='ocrx_word' id='word_1_121' title='bbox 671 2140 787 2217; x_wconf 91' lang='lat' dir='ltr'>pondus</span> <span class='ocrx_word' id='word_1_122' title='bbox 810 2142 937 2200; x_wconf 89' lang='lat' dir='ltr'>honesta</span> 
     </span>
     <span class='ocr_line' id='line_1_23' title="bbox 70 2228 964 2307; baseline -0.002 -18"><span class='ocrx_word' id='word_1_123' title='bbox 70 2249 93 2289; x_wconf 69' lang='lat'>15</span> <span class='ocrx_word' id='word_1_124' title='bbox 112 2230 251 2289; x_wconf 90' lang='lat' dir='ltr'>membra</span> <span class='ocrx_word' id='word_1_125' title='bbox 273 2248 417 2306; x_wconf 83' lang='lat' dir='ltr'>gravans,</span> <span class='ocrx_word' id='word_1_126' title='bbox 440 2249 524 2290; x_wconf 90' lang='lat' dir='ltr'>renes</span> <span class='ocrx_word' id='word_1_127' title='bbox 547 2231 693 2291; x_wconf 87' lang='lat' dir='ltr'>infestans</span> <span class='ocrx_word' id='word_1_128' title='bbox 716 2232 830 2307; x_wconf 85' lang='lat' dir='ltr'>passio,</span> <span class='ocrx_word' id='word_1_129' title='bbox 852 2228 964 2289; x_wconf 87' lang='lat' dir='ltr'>matrix</span> 
     </span>
    </p>
   </div>
   <div class='ocr_carea' id='block_1_4' title="bbox 115 2436 1139 3294">
    <p class='ocr_par' dir='ltr' id='par_1_4' title="bbox 115 2436 1139 3294">
     <span class='ocr_line' id='line_1_24' title="bbox 191 2436 1138 2502; baseline 0.001 -12"><span class='ocrx_word' id='word_1_130' title='bbox 191 2442 260 2490; x_wconf 81' lang='grc'><strong>1624</strong></span> <span class='ocrx_word' id='word_1_131' title='bbox 279 2452 358 2490; x_wconf 88' lang='lat' dir='ltr'>casu:</span> <span class='ocrx_word' id='word_1_132' title='bbox 385 2437 421 2502; x_wconf 77' lang='lat' dir='ltr'>cf.</span> <span class='ocrx_word' id='word_1_133' title='bbox 440 2439 480 2491; x_wconf 84' lang='lat' dir='ltr'>Io.</span> <span class='ocrx_word' id='word_1_134' title='bbox 502 2438 708 2491; x_wconf 88' lang='lat' dir='ltr'>Menstruorum</span> <span class='ocrx_word' id='word_1_135' title='bbox 732 2438 856 2492; x_wconf 87' lang='lat' dir='ltr'>retencio</span> <span class='ocrx_word' id='word_1_136' title='bbox 882 2454 932 2491; x_wconf 92' lang='lat' dir='ltr'>seu</span> <span class='ocrx_word' id='word_1_137' title='bbox 955 2436 1063 2491; x_wconf 88' lang='lat' dir='ltr'>ablatio</span> <span class='ocrx_word' id='word_1_138' title='bbox 1087 2439 1138 2491; x_wconf 88' lang='lat' dir='ltr'>aut</span> 
     </span>
     <span class='ocr_line' id='line_1_25' title="bbox 115 2507 1138 2563; baseline 0 -1"><span class='ocrx_word' id='word_1_139' title='bbox 115 2509 161 2562; x_wconf 84' lang='lat' dir='ltr'>est</span> <span class='ocrx_word' id='word_1_140' title='bbox 188 2507 325 2560; x_wconf 85' lang='lat' dir='ltr'>naturalis</span> <span class='ocrx_word' id='word_1_141' title='bbox 354 2511 405 2562; x_wconf 86' lang='lat' dir='ltr'>aut</span> <span class='ocrx_word' id='word_1_142' title='bbox 437 2508 630 2562; x_wconf 86' lang='lat' dir='ltr'>accidentalis.</span> <span class='ocrx_word' id='word_1_143' title='bbox 664 2509 802 2563; x_wconf 85' lang='lat' dir='ltr'>naturalis</span> <span class='ocrx_word' id='word_1_144' title='bbox 832 2527 895 2563; x_wconf 90' lang='lat' dir='ltr'>cnm</span> <span class='ocrx_word' id='word_1_145' title='bbox 923 2509 1081 2563; x_wconf 77' lang='lat' dir='ltr'>retinentur</span> <span class='ocrx_word' id='word_1_146' title='bbox 1108 2509 1138 2562; x_wconf 91' lang='lat' dir='ltr'>in</span> 
     </span>
     <span class='ocr_line' id='line_1_26' title="bbox 115 2579 1138 2650; baseline 0.002 -18"><span class='ocrx_word' id='word_1_147' title='bbox 115 2580 270 2633; x_wconf 74' lang='lat' dir='ltr'>senectute.</span> <span class='ocrx_word' id='word_1_148' title='bbox 295 2579 479 2633; x_wconf 86' lang='lat' dir='ltr'>accidentalis</span> <span class='ocrx_word' id='word_1_149' title='bbox 496 2581 530 2633; x_wconf 91' lang='lat' dir='ltr'>fit</span> <span class='ocrx_word' id='word_1_150' title='bbox 551 2596 584 2633; x_wconf 85' lang='lat' dir='ltr'>cx</span> <span class='ocrx_word' id='word_1_151' title='bbox 601 2579 724 2634; x_wconf 88' lang='lat' dir='ltr'>tristicia</span> <span class='ocrx_word' id='word_1_152' title='bbox 744 2581 885 2634; x_wconf 90' lang='lat' dir='ltr'>continua.</span> <span class='ocrx_word' id='word_1_153' title='bbox 910 2581 1019 2650; x_wconf 86' lang='lat' dir='ltr'>gemitu</span> <span class='ocrx_word' id='word_1_154' title='bbox 1036 2581 1138 2634; x_wconf 91' lang='lat' dir='ltr'>timore</span> 
     </span>
     <span class='ocr_line' id='line_1_27' title="bbox 115 2650 1138 2721; baseline 0.002 -17"><span class='ocrx_word' id='word_1_155' title='bbox 115 2651 161 2704; x_wconf 88' lang='lat' dir='ltr'>ira</span> <span class='ocrx_word' id='word_1_156' title='bbox 183 2650 298 2704; x_wconf 90' lang='lat' dir='ltr'>ieiunio.</span> <span class='ocrx_word' id='word_1_157' title='bbox 322 2650 428 2719; x_wconf 84' lang='lat' dir='ltr'>vigiliis</span> <span class='ocrx_word' id='word_1_158' title='bbox 452 2651 556 2705; x_wconf 90' lang='lat' dir='ltr'>nimiis.</span> <span class='ocrx_word' id='word_1_159' title='bbox 582 2651 623 2704; x_wconf 86' lang='lat' dir='ltr'>Ex</span> <span class='ocrx_word' id='word_1_160' title='bbox 647 2650 724 2704; x_wconf 77' lang='lat' dir='ltr'>fluxu</span> <span class='ocrx_word' id='word_1_161' title='bbox 747 2652 892 2721; x_wconf 87' lang='lat' dir='ltr'>sanguinis</span> <span class='ocrx_word' id='word_1_162' title='bbox 915 2668 965 2721; x_wconf 85' lang='lat' dir='ltr'>per</span> <span class='ocrx_word' id='word_1_163' title='bbox 988 2651 1138 2706; x_wconf 83' lang='lat' dir='ltr'>naresve]</span> 
     </span>
     <span class='ocr_line' id='line_1_28' title="bbox 115 2721 1139 2790; baseline 0.001 -14"><span class='ocrx_word' id='word_1_164' title='bbox 115 2738 169 2790; x_wconf 87' lang='lat' dir='ltr'>per</span> <span class='ocrx_word' id='word_1_165' title='bbox 194 2722 382 2790; x_wconf 83' lang='lat' dir='ltr'>emorroydas.</span> <span class='ocrx_word' id='word_1_166' title='bbox 410 2724 439 2777; x_wconf 90' lang='lat' dir='ltr'>et</span> <span class='ocrx_word' id='word_1_167' title='bbox 464 2739 497 2776; x_wconf 82' lang='lat' dir='ltr'>ex</span> <span class='ocrx_word' id='word_1_168' title='bbox 522 2721 657 2777; x_wconf 87' lang='lat' dir='ltr'>febribus.</span> <span class='ocrx_word' id='word_1_169' title='bbox 685 2723 819 2777; x_wconf 90' lang='lat' dir='ltr'>deficiunt</span> <span class='ocrx_word' id='word_1_170' title='bbox 844 2724 913 2777; x_wconf 91' lang='lat' dir='ltr'>item</span> <span class='ocrx_word' id='word_1_171' title='bbox 936 2725 1080 2777; x_wconf 88' lang='lat' dir='ltr'>menstma</span> <span class='ocrx_word' id='word_1_172' title='bbox 1104 2740 1139 2777; x_wconf 88' lang='lat' dir='ltr'>ex</span> 
     </span>
     <span class='ocr_line' id='line_1_29' title="bbox 117 2793 1138 2866; baseline 0.001 -20"><span class='ocrx_word' id='word_1_173' title='bbox 117 2795 295 2863; x_wconf 85' lang='lat' dir='ltr'>apostemate</span> <span class='ocrx_word' id='word_1_174' title='bbox 320 2794 456 2848; x_wconf 87' lang='lat' dir='ltr'>metricis.</span> <span class='ocrx_word' id='word_1_175' title='bbox 483 2796 533 2847; x_wconf 89' lang='lat' dir='ltr'>aut</span> <span class='ocrx_word' id='word_1_176' title='bbox 558 2809 592 2848; x_wconf 86' lang='lat' dir='ltr'>ex</span> <span class='ocrx_word' id='word_1_177' title='bbox 617 2793 781 2848; x_wconf 89' lang='lat' dir='ltr'>humoribus</span> <span class='ocrx_word' id='word_1_178' title='bbox 807 2794 912 2863; x_wconf 82' lang='lat' dir='ltr'>grossis</span> <span class='ocrx_word' id='word_1_179' title='bbox 938 2797 966 2848; x_wconf 93' lang='lat' dir='ltr'>et</span> <span class='ocrx_word' id='word_1_180' title='bbox 988 2793 1103 2848; x_wconf 85' lang='lat' dir='ltr'>viscosis</span> <span class='ocrx_word' id='word_1_181' title='bbox 1129 2794 1138 2866; x_wconf 67' lang='lat' dir='ltr'>tt</span> 
     </span>
     <span class='ocr_line' id='line_1_30' title="bbox 117 2864 1138 2934; baseline 0 -16"><span class='ocrx_word' id='word_1_182' title='bbox 117 2870 189 2919; x_wconf 77' lang='lat'>1626</span> <span class='ocrx_word' id='word_1_183' title='bbox 223 2866 325 2934; x_wconf 63' lang='lat' dir='ltr'>(torruit</span> <span class='ocrx_word' id='word_1_184' title='bbox 351 2867 406 2932; x_wconf 89' lang='lat' dir='ltr'>Ie.)</span> <span class='ocrx_word' id='word_1_185' title='bbox 441 2864 529 2934; x_wconf 84' lang='lat' dir='ltr'>Signa</span> <span class='ocrx_word' id='word_1_186' title='bbox 563 2865 690 2919; x_wconf 85' lang='lat' dir='ltr'>defectus</span> <span class='ocrx_word' id='word_1_187' title='bbox 722 2868 928 2920; x_wconf 84' lang='lat' dir='ltr'>menstruorum</span> <span class='ocrx_word' id='word_1_188' title='bbox 961 2867 1026 2919; x_wconf 90' lang='lat' dir='ltr'>sunt</span> <span class='ocrx_word' id='word_1_189' title='bbox 1058 2864 1138 2920; x_wconf 89' lang='lat' dir='ltr'>dolor</span> 
     </span>
     <span class='ocr_line' id='line_1_31' title="bbox 116 2935 1136 3006; baseline 0 -15"><span class='ocrx_word' id='word_1_190' title='bbox 116 2935 230 3004; x_wconf 84' lang='lat' dir='ltr'>eapitis.</span> <span class='ocrx_word' id='word_1_191' title='bbox 260 2935 325 2989; x_wconf 86' lang='lat' dir='ltr'>colli</span> <span class='ocrx_word' id='word_1_192' title='bbox 354 2936 429 2991; x_wconf 88' lang='lat' dir='ltr'>dorsi</span> <span class='ocrx_word' id='word_1_193' title='bbox 458 2939 487 2991; x_wconf 92' lang='lat' dir='ltr'>et</span> <span class='ocrx_word' id='word_1_194' title='bbox 517 2936 669 2991; x_wconf 89' lang='lat' dir='ltr'>oculorum.</span> <span class='ocrx_word' id='word_1_195' title='bbox 702 2937 827 3006; x_wconf 67' lang='lat' dir='ltr'>gratim</span> <span class='ocrx_word' id='word_1_196' title='bbox 855 2936 996 2991; x_wconf 87' lang='lat' dir='ltr'>inferioris</span> <span class='ocrx_word' id='word_1_197' title='bbox 1023 2936 1136 2991; x_wconf 84' lang='lat' dir='ltr'>ventris.</span> 
     </span>
     <span class='ocr_line' id='line_1_32' title="bbox 116 3006 1137 3077; baseline 0 -16"><span class='ocrx_word' id='word_1_198' title='bbox 116 3006 274 3061; x_wconf 87' lang='lat' dir='ltr'>fastidium.</span> <span class='ocrx_word' id='word_1_199' title='bbox 301 3007 392 3061; x_wconf 83' lang='lat' dir='ltr'>melus</span> <span class='ocrx_word' id='word_1_200' title='bbox 416 3008 569 3077; x_wconf 87' lang='lat' dir='ltr'>appetitus.</span> <span class='ocrx_word' id='word_1_201' title='bbox 594 3010 623 3062; x_wconf 90' lang='lat' dir='ltr'>et</span> <span class='ocrx_word' id='word_1_202' title='bbox 646 3009 673 3077; x_wconf 80' lang='lat' dir='ltr'>(l.</span> <span class='ocrx_word' id='word_1_203' title='bbox 692 3011 734 3077; x_wconf 89' lang='lat' dir='ltr'>ut)</span> <span class='ocrx_word' id='word_1_204' title='bbox 760 3007 913 3062; x_wconf 83' lang='lat' dir='ltr'>carbonum</span> <span class='ocrx_word' id='word_1_205' title='bbox 936 3007 985 3062; x_wconf 92' lang='lat' dir='ltr'>tofi</span> <span class='ocrx_word' id='word_1_206' title='bbox 1010 3010 1038 3062; x_wconf 87' lang='lat' dir='ltr'>et</span> <span class='ocrx_word' id='word_1_207' title='bbox 1061 3007 1137 3061; x_wconf 89' lang='lat' dir='ltr'>simi-</span> 
     </span>
     <span class='ocr_line' id='line_1_33' title="bbox 116 3079 1137 3149; baseline 0.001 -17"><span class='ocrx_word' id='word_1_208' title='bbox 116 3079 196 3133; x_wconf 89' lang='lat' dir='ltr'>lium.</span> <span class='ocrx_word' id='word_1_209' title='bbox 224 3079 308 3132; x_wconf 85' lang='lat' dir='ltr'>urina</span> <span class='ocrx_word' id='word_1_210' title='bbox 336 3079 418 3149; x_wconf 86' lang='lat' dir='ltr'>nigra</span> <span class='ocrx_word' id='word_1_211' title='bbox 443 3079 488 3134; x_wconf 86' lang='lat' dir='ltr'>vel</span> <span class='ocrx_word' id='word_1_212' title='bbox 515 3079 673 3149; x_wconf 84' lang='lat' dir='ltr'>eruginosa.</span> <span class='ocrx_word' id='word_1_213' title='bbox 702 3082 752 3134; x_wconf 90' lang='lat' dir='ltr'>ant</span> <span class='ocrx_word' id='word_1_214' title='bbox 779 3081 861 3148; x_wconf 86' lang='lat' dir='ltr'>quasi</span> <span class='ocrx_word' id='word_1_215' title='bbox 889 3079 1018 3133; x_wconf 86' lang='lat' dir='ltr'>lavatura</span> <span class='ocrx_word' id='word_1_216' title='bbox 1045 3079 1137 3133; x_wconf 83' lang='lat' dir='ltr'>carnis</span> 
     </span>
     <span class='ocr_line' id='line_1_34' title="bbox 116 3150 1138 3220; baseline -0.001 -14"><span class='ocrx_word' id='word_1_217' title='bbox 116 3151 252 3218; x_wconf 80' lang='lat' dir='ltr'>(sequitur</span> <span class='ocrx_word' id='word_1_218' title='bbox 277 3153 362 3220; x_wconf 84' lang='lat' dir='ltr'>curu).</span> <span class='ocrx_word' id='word_1_219' title='bbox 404 3153 445 3205; x_wconf 86' lang='lat' dir='ltr'>Io.</span> <span class='ocrx_word' id='word_1_220' title='bbox 470 3152 515 3206; x_wconf 79' lang='lat' dir='ltr'>tic</span> <span class='ocrx_word' id='word_1_221' title='bbox 539 3152 629 3206; x_wconf 73' lang='lat' dir='ltr'>utitem</span> <span class='ocrx_word' id='word_1_222' title='bbox 654 3150 835 3206; x_wconf 80' lang='lat' dir='ltr'>Ooaeteutiuo</span> <span class='ocrx_word' id='word_1_223' title='bbox 861 3153 938 3219; x_wconf 79' lang='lat' dir='ltr'>(ciat.</span> <span class='ocrx_word' id='word_1_224' title='bbox 963 3156 989 3217; x_wconf 90' lang='lat'>6,</span> <span class='ocrx_word' id='word_1_225' title='bbox 1008 3154 1051 3218; x_wconf 86' lang='lat'>9),</span> <span class='ocrx_word' id='word_1_226' title='bbox 1077 3167 1138 3205; x_wconf 78' lang='lat' dir='ltr'>ouen</span> 
     </span>
     <span class='ocr_line' id='line_1_35' title="bbox 116 3221 1139 3294; baseline -0.001 -17"><span class='ocrx_word' id='word_1_227' title='bbox 116 3224 226 3277; x_wconf 81' lang='lat' dir='ltr'>Iouauc</span> <span class='ocrx_word' id='word_1_228' title='bbox 240 3224 341 3290; x_wconf 66' lang='lat' dir='ltr'>coastat</span> <span class='ocrx_word' id='word_1_229' title='bbox 350 3223 524 3278; x_wconf 76' lang='lat' dir='ltr'>Plctcum&#39;wm</span> <span class='ocrx_word' id='word_1_230' title='bbox 534 3222 664 3292; x_wconf 73' lang='lat' dir='ltr'>Eqidius.</span> <span class='ocrx_word' id='word_1_231' title='bbox 685 3223 719 3288; x_wconf 79' lang='lat' dir='ltr'>cf.</span> <span class='ocrx_word' id='word_1_232' title='bbox 728 3224 939 3278; x_wconf 71' lang='lat' dir='ltr'>Aestimathcus</span> <span class='ocrx_word' id='word_1_233' title='bbox 951 3223 980 3278; x_wconf 86' lang='lat'>0.</span> <span class='ocrx_word' id='word_1_234' title='bbox 991 3222 1017 3276; x_wconf 83' lang='lat' dir='ltr'>S.</span> <span class='ocrx_word' id='word_1_235' title='bbox 1027 3222 1057 3288; x_wconf 91' lang='lat' dir='ltr'>V,</span> <span class='ocrx_word' id='word_1_236' title='bbox 1067 3226 1121 3276; x_wconf 79' lang='lat'>358</span> <span class='ocrx_word' id='word_1_237' title='bbox 1129 3221 1139 3294; x_wconf 68' lang='lat' dir='ltr'>tt</span> 
     </span>
    </p>
   </div>
   <div class='ocr_carea' id='block_1_5' title="bbox 117 3311 1139 3402">
    <p class='ocr_par' dir='ltr' id='par_1_5' title="bbox 117 3311 1139 3402">
     <span class='ocr_line' id='line_1_36' title="bbox 117 3311 1139 3402; baseline 0.001 -19"><span class='ocrx_word' id='word_1_238' title='bbox 117 3334 187 3383; x_wconf 91' lang='grc'><strong>1631</strong></span> <span class='ocrx_word' id='word_1_239' title='bbox 204 3311 317 3382; x_wconf 75' lang='lat' dir='ltr'>defor‘irs</span> <span class='ocrx_word' id='word_1_240' title='bbox 336 3330 352 3383; x_wconf 96' lang='grc'><strong>6</strong></span> <span class='ocrx_word' id='word_1_241' title='bbox 370 3329 380 3402; x_wconf 67' lang='grc' dir='ltr'>Η</span> <span class='ocrx_word' id='word_1_242' title='bbox 404 3335 473 3383; x_wconf 89' lang='grc'><strong>1633</strong></span> <span class='ocrx_word' id='word_1_243' title='bbox 494 3331 551 3383; x_wconf 78' lang='lat' dir='ltr'>iam</span> <span class='ocrx_word' id='word_1_244' title='bbox 571 3330 695 3397; x_wconf 78' lang='lat' dir='ltr'>sequitur</span> <span class='ocrx_word' id='word_1_245' title='bbox 712 3331 850 3385; x_wconf 79' lang='lat' dir='ltr'>Plutceric‘</span> <span class='ocrx_word' id='word_1_246' title='bbox 868 3331 969 3398; x_wconf 63' lang='lat' dir='ltr'>triplex</span> <span class='ocrx_word' id='word_1_247' title='bbox 987 3330 1112 3384; x_wconf 82' lang='lat' dir='ltr'>causatio</span> <span class='ocrx_word' id='word_1_248' title='bbox 1129 3327 1139 3401; x_wconf 70' lang='lat' dir='ltr'>tt</span> 
     </span>
    </p>
   </div>
   <div class='ocr_carea' id='block_1_6' title="bbox 116 3412 1139 3648">
    <p class='ocr_par' dir='ltr' id='par_1_6' title="bbox 116 3412 1139 3648">
     <span class='ocr_line' id='line_1_37' title="bbox 117 3412 1139 3508; baseline 0.002 -19"><span class='ocrx_word' id='word_1_249' title='bbox 117 3440 189 3490; x_wconf 88' lang='grc'><strong>1639</strong></span> <span class='ocrx_word' id='word_1_250' title='bbox 208 3422 453 3506; x_wconf 59' lang='lat' dir='ltr'>ppedimerpedit)</span> <span class='ocrx_word' id='word_1_251' title='bbox 473 3437 489 3491; x_wconf 85' lang='grc'><strong>6</strong></span> <span class='ocrx_word' id='word_1_252' title='bbox 514 3435 523 3507; x_wconf 69' lang='grc' dir='ltr'>Η</span> <span class='ocrx_word' id='word_1_253' title='bbox 550 3440 618 3489; x_wconf 79' lang='lat'>1642</span> <span class='ocrx_word' id='word_1_254' title='bbox 637 3423 675 3491; x_wconf 61' lang='lat' dir='ltr'>ria</span> <span class='ocrx_word' id='word_1_255' title='bbox 694 3439 815 3507; x_wconf 84' lang='lat' dir='ltr'>(natura)</span> <span class='ocrx_word' id='word_1_256' title='bbox 836 3438 852 3490; x_wconf 89' lang='grc'><strong>6</strong></span> <span class='ocrx_word' id='word_1_257' title='bbox 874 3436 884 3508; x_wconf 73' lang='grc' dir='ltr'>Η</span> <span class='ocrx_word' id='word_1_258' title='bbox 907 3441 976 3489; x_wconf 86' lang='grc'><strong>1643</strong></span> <span class='ocrx_word' id='word_1_259' title='bbox 996 3412 1015 3488; x_wconf 73' lang='lat' dir='ltr'>ri</span> <span class='ocrx_word' id='word_1_260' title='bbox 1033 3435 1075 3488; x_wconf 92' lang='lat' dir='ltr'>nss</span> <span class='ocrx_word' id='word_1_261' title='bbox 1093 3437 1109 3491; x_wconf 85' lang='lat' dir='ltr'><strong><em>b</em></strong></span> <span class='ocrx_word' id='word_1_262' title='bbox 1128 3435 1139 3508; x_wconf 67' lang='grc' dir='ltr'>Η</span> 
     </span>
     <span class='ocr_line' id='line_1_38' title="bbox 118 3506 1139 3577; baseline 0.001 -16"><span class='ocrx_word' id='word_1_263' title='bbox 118 3512 189 3561; x_wconf 88' lang='grc'><strong>1644</strong></span> <span class='ocrx_word' id='word_1_264' title='bbox 208 3506 360 3577; x_wconf 86' lang='lat' dir='ltr'>musiliago</span> <span class='ocrx_word' id='word_1_265' title='bbox 379 3508 395 3560; x_wconf 92' lang='grc'><strong>6</strong></span> <span class='ocrx_word' id='word_1_266' title='bbox 410 3507 577 3576; x_wconf 88' lang='lat' dir='ltr'>(nuscillago</span> <span class='ocrx_word' id='word_1_267' title='bbox 595 3524 619 3561; x_wconf 83' lang='lat' dir='ltr'>c.</span> <span class='ocrx_word' id='word_1_268' title='bbox 632 3513 708 3564; x_wconf 87' lang='grc'><strong>1166.</strong></span> <span class='ocrx_word' id='word_1_269' title='bbox 723 3513 799 3576; x_wconf 82' lang='grc'><strong>1188,</strong></span> <span class='ocrx_word' id='word_1_270' title='bbox 817 3515 849 3564; x_wconf 84' lang='lat' dir='ltr'>ut</span> <span class='ocrx_word' id='word_1_271' title='bbox 862 3524 965 3576; x_wconf 77' lang='lat' dir='ltr'>semper</span> <span class='ocrx_word' id='word_1_272' title='bbox 979 3509 1139 3564; x_wconf 78' lang='lat' dir='ltr'>Plotcarc&#39;us</span> 
     </span>
     <span class='ocr_line' id='line_1_39' title="bbox 116 3578 540 3648; baseline -0.002 -14"><span class='ocrx_word' id='word_1_273' title='bbox 116 3585 145 3634; x_wconf 86' lang='lat' dir='ltr'>ct</span> <span class='ocrx_word' id='word_1_274' title='bbox 163 3578 345 3647; x_wconf 68' lang='lat' dir='ltr'>Salmaitanc)</span> <span class='ocrx_word' id='word_1_275' title='bbox 363 3580 366 3648; x_wconf 69' lang='lat' dir='ltr'>t</span> <span class='ocrx_word' id='word_1_276' title='bbox 383 3578 505 3633; x_wconf 89' lang='lat' dir='ltr'>honusta</span> <span class='ocrx_word' id='word_1_277' title='bbox 524 3581 540 3633; x_wconf 91' lang='grc'><strong>6</strong></span> 
     </span>
    </p>
   </div>
   <div class='ocr_carea' id='block_1_7' title="bbox 945 3686 978 3742">
    <p class='ocr_par' dir='ltr' id='par_1_7' title="bbox 945 3686 978 3742">
     <span class='ocr_line' id='line_1_40' title="bbox 945 3686 978 3742; baseline 0 -26"><span class='ocrx_word' id='word_1_278' title='bbox 945 3686 978 3742; x_wconf 49' lang='lat'>5⁸</span> 
     </span>
    </p>
   </div>
   <div class='ocr_carea' id='block_1_8' title="bbox 0 0 1223 3998">
    <p class='ocr_par' dir='ltr' id='par_1_8' title="bbox 0 0 1223 3998">
     <span class='ocr_line' id='line_1_41' title="bbox 0 0 1223 3998; baseline 0 0"><span class='ocrx_word' id='word_1_279' title='bbox 0 0 1223 3998; x_wconf 95' lang='lat' dir='ltr'> </span> 
     </span>
    </p>
   </div>
  </div>
 </body>
</html>
