2422 3998
112 185 156 250 64
567 184 680 239 EGIDII

113 332 232 412 cogitur
255 333 347 409 elabi,
370 335 419 394 vel
441 335 612 395 lubricitate
636 337 756 396 lacertis

112 422 238 482 mollitis
261 424 367 500 nequit
389 423 503 484 includi
526 443 593 484 cum
616 444 690 485 vasa
712 427 830 485 relaxat

111 511 276 572 humiditas
298 515 487 592 transgressa
509 512 644 590 modum,
668 515 716 575 vel
739 515 859 575 flamma
882 521 1000 579 meatus

41 621 93 662 roso
112 601 240 677 ampliat
263 603 387 662 ardoris.
433 602 574 662 Fluidum
597 604 623 663 si
646 622 765 682 sperma
787 605 933 682 relinquit

112 691 308 768 appropriata
331 691 390 752 sibi
412 693 492 767 loca,
516 693 636 753 consule
660 693 796 753 sensibus
820 714 859 753 an
882 695 923 756 sit

111 781 169 839 huc
191 779 264 840 illuc
286 782 370 841 volut
392 781 474 840 unde
495 781 597 841 fluens.
635 784 662 842 si
686 784 772 860 copia
795 784 909 860 frmdit‚

111 869 245 945 plectura
268 871 309 929 sit
331 869 463 949 signum,
488 871 653 947 complexio
676 873 776 950 larga,
800 872 901 932 diaeta

112 960 143 1018 et
164 957 262 1019 fluxus
285 960 381 1019 maior
404 978 558 1036 superans.
595 962 620 1020 si
643 979 717 1021 vase
738 962 871 1021 remollit

41 1064 93 1105 uss
110 1047 289 1123 humiditas,
312 1048 370 1108 tibi
392 1050 476 1108 notio
500 1051 541 1109 sit
564 1068 633 1109 caro
656 1051 756 1111 mollis
780 1051 938 1112 adinstar

112 1138 212 1211 lanae,
237 1137 369 1198 defectus
393 1156 497 1198 sensus
522 1158 590 1198 cum
613 1139 771 1215 spermatis
795 1141 891 1199 imber
1001 1175 1004 1180 -

111 1226 254 1300 distillat,
278 1226 380 1286 crebro
405 1227 531 1287 collecte
554 1228 703 1305 superflua
727 1247 813 1289 sexus

110 1315 313 1376 instrumente
334 1320 465 1396 gravem
486 1316 578 1376 fluxu.
616 1320 773 1396 perspecta
796 1320 897 1378 diaeta

112 1407 167 1465 aut
190 1406 274 1483 aegri
296 1408 407 1465 natura
430 1409 531 1484 potest
553 1407 601 1466 vel
624 1407 740 1466 tardior
763 1410 847 1488 aetas

40 1511 94 1552 ruso
112 1493 286 1553 confirmare
309 1494 413 1571 fidem,
436 1496 485 1554 vel
508 1497 577 1554 faex
600 1495 635 1555 de
659 1498 805 1575 sanguine
828 1498 951 1576 pinguis

111 1584 297 1659 proveniens.
335 1584 361 1643 si
383 1585 483 1644 fervor
506 1583 592 1645 adest
614 1586 756 1662 laresque
779 1589 897 1652 meatus

112 1671 216 1746 efficit,
239 1672 296 1732 hoc
319 1675 389 1733 actu
412 1674 495 1733 calor
517 1672 620 1734 edocet
642 1678 673 1734 et
697 1676 778 1734 color
801 1676 860 1736 oris

111 1762 177 1839 igni
200 1762 377 1838 consimilis,
401 1763 520 1838 effusio,
542 1763 677 1839 flamma,
699 1764 840 1825 iuventae

111 1851 157 1910 vis
181 1850 380 1928 complexiva,
405 1852 520 1912 calidae
543 1855 654 1912 natura
678 1853 804 1913 diaetae.

40 1955 92 1996 ress
183 1940 338 2001 Indofessa
361 1942 439 2002 solet
461 1942 624 2021 genitalem
646 1944 768 2002 tendere
792 1943 909 2021 virgam

111 2047 283 2109 porgesmos
307 2049 426 2092 sumens
449 2031 647 2091 satirorum
671 2032 733 2106 <a>
756 2032 876 2091 nomine
900 2050 1007 2092 nomen

112 2118 271 2194 deflexum,
294 2138 348 2179 nec
372 2120 409 2179 ad
433 2121 571 2180 effectum
596 2121 705 2180 effrena
729 2122 868 2182 voluntas

111 2209 293 2283 pertransire
315 2211 428 2285 potest,
452 2211 483 2268 et
505 2211 532 2269 si
556 2209 737 2288 quandoque
761 2211 931 2288 pigrescens

112 2297 224 2357 decidit
246 2297 357 2357 affectu
380 2299 528 2375 completo
551 2299 638 2376 lapsa
660 2301 792 2378 resurgit

41 2401 93 2441 rsro
112 2388 142 2445 et
164 2385 300 2446 rediviva
323 2404 410 2446 suum
434 2387 523 2447 solito
547 2388 583 2448 de
606 2407 687 2447 more
710 2383 843 2449 tenorem

112 2475 277 2536 continuat.
314 2476 407 2535 talem
430 2479 554 2536 ventosa
578 2476 691 2536 cibaria
714 2481 828 2554 pestem

185 2633 253 2682 1548
273 2629 402 2684 mollitis:
428 2627 468 2684 Cir
491 2629 608 2685 mollitis
632 2631 648 2684 5
673 2629 682 2701 Η
706 2635 774 2684 1549
798 2630 925 2684 flamma:
949 2633 985 2697 cf.
1005 2632 1044 2686 Βι

111 2701 129 2754 l.
144 2717 166 2755 c.
182 2699 225 2770 (fit
244 2700 319 2755 enim
339 2700 508 2768 quandoque
527 2717 562 2756 ex
580 2701 673 2755 calore
692 2717 761 2755 vasa
780 2701 930 2771 spermatis
949 2703 1044 2771 aperie

112 2776 181 2826 1557
197 2771 320 2826 distillet
333 2774 393 2843 (sic)
411 2773 426 2826 d
444 2771 544 2898 Ιὲ1558
558 2774 689 2843 miani:
709 2788 830 2842 gravam
851 2774 866 2828 b
885 2773 894 2844 ll
915 2778 982 2828 1561
998 2773 1044 2828 lox

112 2846 158 2912 (m.
179 2842 267 2898 efficit
285 2844 320 2909 cf.
336 2845 429 2912 aperit
476 2845 570 2913 ortb.):
590 2844 700 2914 laxatq3
720 2845 736 2899 b
754 2843 764 2916 ll
783 2849 851 2899 1562
871 2844 900 2896 h'
917 2845 989 2915 (hoc)
1010 2846 1026 2900 b

184 2919 253 2969 1565
271 2916 347 2971 rubr.
367 2915 409 2970 De
428 2916 575 2985 satyriasis
595 2916 687 2970 causis
707 2915 795 2986 signis
819 2915 967 2985 speciebus
991 2918 1006 2970 5
1029 2917 1040 2988 ll

110 3001 286 3056 porgesmos:
312 2987 361 3042 boc
383 2988 514 3043 uocabulo
536 3004 611 3043 unus
633 2989 723 3043 utitur
746 2988 945 3043 Ooastoatiaus
968 2989 1010 3056 (ic
1033 3006 1044 3044 a

111 3061 169 3125 5,2
186 3058 282 3126 passio
302 3059 345 3113 est
364 3075 437 3127 quae
455 3075 618 3129 porgesmos
636 3060 761 3127 vocatur)
787 3076 821 3113 55
843 3075 896 3128 quo
915 3060 946 3112 E
962 3060 1040 3115 idios

111 3131 220 3184 555555
239 3129 313 3184 Plat.
333 3132 381 3198 qui
399 3147 433 3185 erc
451 3131 541 3185 codem
559 3131 635 3196 sonte
657 3147 709 3185 soa
734 3132 822 3185 traxit
840 3138 914 3197 (5555
936 3076 1038 3186 dalens·

111 3201 184 3256 ticrre
198 3207 224 3256 et
237 3200 440 3270 stephanone).
468 3217 521 3257 555
534 3208 665 3272 corrupta
678 3203 774 3256 55555
786 3202 961 3270 priapiemon
975 3204 1024 3270 qai
1038 3221 1044 3258 r

112 3278 158 3326 tur
175 3271 391 3341 moriepbismos
412 3276 444 3328 ia
462 3275 602 3343 Pansam·
620 3274 723 3340 (05555.
743 3274 967 3340 cd.Bas.1539)
986 3278 1012 3340 9,
1027 3279 1044 3329 4

110 3343 270 3412 priapiscus
282 3345 360 3413 opud
369 3344 537 3414 Stephanum
548 3346 611 3412 (Ali
621 3346 671 3400 555
678 3345 785 3411 Adbuc)
795 3346 827 3399 ia
838 3345 929 3398 codem
941 3346 999 3399 loco
1009 3345 1012 3416 l
1023 3360 1041 3398 a

111 3413 220 3484 addidi)
240 3433 290 3471 om.
306 3417 322 3469 b
338 3417 382 3486 (dc
400 3417 510 3471 nominc
523 3418 662 3472 satiriasis
680 3433 714 3471 55
728 3417 792 3470 Esc.
809 3417 1008 3471 Passicnarius
1025 3421 1044 3471 3

113 3490 180 3539 1511
209 3502 242 3539 ex
268 3487 438 3542 ventositate
466 3503 560 3541 crossa
588 3491 617 3542 et
644 3486 772 3541 inflativa
799 3489 840 3542 Ic.
865 3488 908 3556 (ut
930 3488 1028 3542 Barth.

112 3558 154 3624 11,
165 3561 218 3612 327
237 3574 271 3612 55
290 3559 394 3625 Paulo,
413 3558 1044 3628 5556555555555555555556555555551]
