2422 3998
471 124 638 180 VIATIOUS

18 271 160 343 pabula
182 275 383 334 membrorum
407 277 584 352 corrumpit,
608 295 712 354 grossa
735 277 836 338 diaeta

20 375 138 432 quem
161 367 292 441 generat.
339 384 429 441 super
450 366 506 425 hoc
529 368 663 442 exemplo
687 367 747 426 sint
770 367 888 427 asinina

21 451 63 506 et
100 454 225 528 caprina
249 473 332 527 carc,
355 455 468 529 caules,
490 454 623 529 milium,
646 455 730 529 faba,
753 457 857 517 lentes.

21 542 180 602 exoritur
203 543 282 618 cibo,
305 563 359 619 per
382 563 470 619 quem
494 543 637 622 nigrescit
660 545 784 605 adustus

24 631 178 709 sanguis.
225 633 257 691 in
280 633 415 709 exemplo
439 635 501 693 sint
523 633 710 713 drimifagia,
733 654 871 710 porrum,

25 714 135 796 auio,
158 740 244 797 cepa,
268 723 367 798 piper,
390 722 522 798 senecio,
546 724 626 783 salsa
649 723 751 783 diaeta

28 810 197 869 extremae
221 810 341 880 subiens
366 813 474 871 aetatis
497 814 642 889 tempora.
688 832 767 873 noxa

10 906 118 957 *aere
139 904 279 977 corrupto
302 900 416 976 prodit,
440 920 508 960 curn
531 903 647 961 mansio
671 902 736 963 vita

30 979 215 1065 alloquium
238 1008 293 1049 nos
315 988 434 1050 infectis
458 989 615 1068 coniungit
638 990 754 1065 amicis,

30 1084 118 1134 turn
138 1078 221 1138 subit
244 1079 399 1154 amplexus
423 1081 521 1139 coiens
545 1082 575 1138 et
599 1079 700 1139 dulcia
722 1082 794 1140 vcta

30 1169 237 1226 consummar
259 1186 327 1226 oum
350 1188 410 1245 qua
433 1169 546 1228 carnali
570 1169 683 1247 gaudia
706 1189 785 1228 nexu

28 1242 183 1328 l&prosus
207 1256 354 1333 complere
378 1258 466 1333 solet,
490 1258 539 1318 vel
561 1259 696 1334 tempore
718 1258 816 1334 primo

10 1343 208 1422 lssonceptus
232 1348 259 1405 si
281 1366 341 1405 non
364 1346 456 1407 licitis
480 1349 603 1406 coeatur
625 1350 657 1405 in
680 1347 761 1408 horis

26 1439 118 1491 611111
139 1439 248 1495 natura
271 1435 327 1495 sibi
350 1437 481 1512 persolvi
504 1436 606 1496 debita
625 1438 745 1513 quaerit

25 1527 215 1599 menstrua,
239 1524 365 1607 materia
388 1544 455 1584 cum
479 1529 621 1601 corrupta
644 1530 738 1602 caput
760 1528 859 1586 ortum

23 1611 161 1673 omorio
184 1615 367 1689 praecurrat.
412 1615 501 1674 Hunc
524 1615 663 1674 morbum
685 1617 793 1675 nuntia
816 1615 917 1692 signat
962 1668 964 1677 .

22 1704 218 1779 morphea,
241 1721 318 1780 quae
342 1703 426 1763 vario
451 1703 613 1782 distinguit
635 1705 768 1764 membra
791 1705 903 1778 colore,

22 1791 132 1852 a*rbus
154 1792 337 1852 mortificans
361 1794 478 1869 stupor,
503 1813 685 1869 exosumque
708 1793 867 1853 refundens

23 1880 105 1942 ‘lui
125 1881 192 1940 fluit
216 1900 234 1940 a
256 1881 382 1958 pedibus
405 1883 454 1942 vel
477 1882 578 1946 asellis
601 1882 693 1943 sudor
716 1882 849 1956 odorem,

23 1949 164 2030 lubrica
186 1970 235 2029 vel
258 1971 386 2048 gliscens
410 1973 497 2047 quasi
521 1973 561 2031 sit
584 1971 766 2050 pinguedine
789 1973 873 2031 tacta

26 2057 106 2115 aut
126 2060 190 2118 oleo
214 2061 335 2135 perfusa
358 2060 447 2136 cutis,
471 2061 631 2120 raucedine
654 2063 735 2122 vocis

29 2135 127 2221 <os>
151 2150 279 2224 laesum,
301 2150 482 2209 horrendum
505 2150 674 2211 scintillans
697 2151 773 2210 lucis
797 2168 930 2209 acumen.

10 2236 172 2298 >puseus
195 2239 361 2314 producens
385 2240 541 2298 scabiem
565 2242 654 2317 quasi
677 2240 815 2316 putridus
839 2241 901 2298 exit

35 2339 264 2368 N...—

122 2468 191 2517 1833
211 2463 317 2531 papula
336 2464 351 2516 b
374 2463 384 2534 11
408 2468 477 2516 1834
497 2468 517 2530 3
535 2464 551 2517 b
572 2465 576 2529 1
597 2463 727 2531 exemplu
747 2465 762 2518 b
785 2462 795 2535 11
819 2467 888 2516 1833
908 2461 1003 2516 caules
1022 2467 1069 2516 etc.

47 2532 198 2596 osteario.
214 2535 231 2588 l.
247 2551 268 2588 3.
284 2538 322 2602 (p.
335 2539 389 2588 358
402 2561 429 2580 =
443 2538 509 2601 363)
527 2534 648 2588 maxime
667 2552 684 2587 a
703 2534 845 2600 caulibus,
865 2552 882 2587 a
900 2532 1043 2588 lenticulis
1061 2531 1071 2604 11

52 2603 118 2658 1837
139 2606 330 2674 dimili-igiab
355 2605 364 2678 11
389 2611 457 2659 1838
477 2605 551 2659 31133
570 2608 585 2660 b
606 2609 610 2675 1
632 2621 700 2674 cepe
719 2607 734 2660 b
751 2607 755 2674 1
772 2611 873 2659 senoco
894 2607 909 2659 b
929 2605 1071 2674 (3133113-

53 2674 114 2730 cion
127 2705 153 2721 =
168 2678 299 2731 senecion
322 2677 418 2732 Simon
436 2679 492 2732 Iao
514 2695 535 2732 s.
555 2694 597 2732 33.
615 2684 641 2732 ct
663 2694 683 2731 s.
704 2677 820 2745 sedum).
858 2678 926 2731 Lex.
946 2677 1026 2743 ollito
1048 2692 1068 2729 s.

55 2749 159 2803 senatio
183 2750 201 2802 i.
221 2748 394 2802 nasturcium
420 2749 582 2816 aquaticum
607 2752 635 2817 (a
657 2765 710 2816 quo
733 2749 846 2815 differat
865 2749 971 2803 senecio
994 2747 1029 2814 cs.
1048 2763 1069 2800 s.

57 2821 160 2875 senecio
172 2847 200 2865 =
212 2821 314 2874 carolus
327 2820 491 2888 benedictus)
508 2819 518 2892 11
538 2825 606 2874 1839
622 2822 747 2874 extrema
764 2821 780 2874 b
798 2819 808 2892 11
827 2824 894 2873 1841
911 2819 1016 2873 amicos
1032 2819 1047 2872 b
1061 2816 1071 2889 11

56 2931 119 2981 1842
143 2929 212 2980 nota
235 2928 251 2981 b
274 2926 283 2999 11
310 2931 378 2980 1843
402 2928 485 2992 93331
508 2911 562 2997 eal]
585 2926 712 2991 carnalia
732 2926 747 2979 b
771 2926 859 2996 (coitu
883 2925 1009 2980 mulieris
1033 2924 1071 2978 ad

55 3015 135 3066 qnam
154 2999 281 3066 leprosus
301 2997 421 3051 accessit
440 2999 524 3066 Plct.)
543 2997 553 3070 11
573 3004 642 3052 1844
660 2998 695 3065 cf.
709 2997 783 3052 Plat.
803 3000 854 3051 aut
872 3014 936 3051 cum
954 2998 987 3050 fit
1006 3013 1070 3050 con-

54 3071 143 3139 ceptio
163 3070 338 3138 intempore
357 3071 563 3123 menstruorum
582 3069 591 3141 11
611 3074 680 3123 1848
700 3067 805 3122 embrio
822 3070 1011 3138 (sic)1‘)currat
1029 3068 1045 3121 b
1064 3067 1067 3138 1

50 3143 151 3196 nuntia
170 3141 277 3211 signat:
297 3143 331 3205 cf.
347 3141 435 3195 antid.
452 3145 563 3207 4,1525
580 3140 711 3210 preludia
730 3140 857 3264 13313311
882 3144 951 3194 1860
970 3140 1069 3193 Barth.

52 3215 107 3282 (II,
119 3216 186 3280 358)
207 3212 339 3267 dormitio
358 3212 462 3280 pedum
482 3214 511 3266 et
526 3211 731 3266 insensibilitas
750 3228 838 3266 eornn
858 3227 902 3264 em
926 3211 961 3277 cf.
976 3228 1006 3280 p.
1017 3214 1070 3265 361

49 3285 208 3355 (dormitio,
231 3285 280 3338 ubi
302 3284 357 3350 IV,
376 3288 430 3338 366
452 3283 655 3408 1313133113111
680 3289 747 3338 1831
773 3285 834 3352 qui:
859 3301 879 3350 q
903 3283 999 3352 (quod)
1024 3282 1039 3335 b
1064 3281 1067 3354 1

48 3355 146 3412 asellis
170 3358 207 3426 (=
221 3353 342 3422 ascellis)
369 3357 384 3410 b
410 3356 470 3421 (ubi
493 3355 507 3407 l
517 3381 544 3418 =
558 3355 621 3408 ls=
647 3358 671 3424 c)
699 3355 709 3427 11
737 3360 807 3409 1834
832 3355 904 3408 Lesu
930 3353 1071 3408 horrenda

48 3429 95 3497 (ab
119 3428 202 3482 initio
224 3429 327 3495 versus)
351 3427 366 3480 b
391 3429 451 3496 (om.
477 3443 508 3479 os
530 3429 572 3481 vel
593 3427 649 3482 tale
671 3427 758 3501 quid).
800 3426 835 3493 cf.
855 3427 954 3481 Barth.
979 3425 1022 3492 (0.
1042 3424 1070 3480 S.

46 3502 93 3568 11,
108 3501 171 3568 358)
196 3497 398 3552 scintillantem
422 3497 530 3552 habent
553 3500 698 3567 aspectum
715 3514 837 3552 3313
860 3500 1000 3552 unctuosa
1023 3503 1069 3551 etc.
