<?xml version="1.0" encoding="UTF-8"?>
<!DOCTYPE html PUBLIC "-//W3C//DTD XHTML 1.0 Transitional//EN"
    "http://www.w3.org/TR/xhtml1/DTD/xhtml1-transitional.dtd">
<html xmlns="http://www.w3.org/1999/xhtml" xml:lang="en" lang="en">
 <head>
  <title>
</title>
<meta http-equiv="Content-Type" content="text/html;charset=utf-8" />
  <meta name='ocr-system' content='tesseract 3.04.00' />
  <meta name='ocr-capabilities' content='ocr_page ocr_carea ocr_par ocr_line ocrx_word'/>
</head>
<body>
  <div class='ocr_page' id='page_1' title='image "./egidiicorbolien01rosegoog_0119.png"; bbox 0 0 2422 3998; ppageno 0'>
   <div class='ocr_carea' id='block_1_1' title="bbox 132 195 699 267">
    <p class='ocr_par' dir='ltr' id='par_1_1' title="bbox 132 195 699 267">
     <span class='ocr_line' id='line_1_1' title="bbox 132 195 699 267; baseline 0 -17"><span class='ocrx_word' id='word_1_1' title='bbox 132 201 176 267; x_wconf 83' lang='lat'>84</span> <span class='ocrx_word' id='word_1_2' title='bbox 584 195 699 251; x_wconf 78' lang='lat' dir='ltr'>aaron</span> 
     </span>
    </p>
   </div>
   <div class='ocr_carea' id='block_1_2' title="bbox 60 346 1065 2119">
    <p class='ocr_par' dir='ltr' id='par_1_2' title="bbox 60 346 1065 2119">
     <span class='ocr_line' id='line_1_2' title="bbox 131 346 923 425; baseline -0.003 -17"><span class='ocrx_word' id='word_1_3' title='bbox 131 351 164 408; x_wconf 85' lang='lat' dir='ltr'>in</span> <span class='ocrx_word' id='word_1_4' title='bbox 188 348 295 423; x_wconf 88' lang='lat' dir='ltr'>fundo,</span> <span class='ocrx_word' id='word_1_5' title='bbox 318 365 373 406; x_wconf 90' lang='lat' dir='ltr'>ceu</span> <span class='ocrx_word' id='word_1_6' title='bbox 396 348 437 407; x_wconf 88' lang='lat' dir='ltr'>sit</span> <span class='ocrx_word' id='word_1_7' title='bbox 459 367 513 423; x_wconf 86' lang='lat' dir='ltr'>per</span> <span class='ocrx_word' id='word_1_8' title='bbox 535 349 633 407; x_wconf 84' lang='lat' dir='ltr'>frusta</span> <span class='ocrx_word' id='word_1_9' title='bbox 656 346 763 425; x_wconf 84' lang='lat' dir='ltr'>globus</span> <span class='ocrx_word' id='word_1_10' title='bbox 786 346 923 423; x_wconf 82' lang='lat' dir='ltr'>glacialis</span> 
     </span>
     <span class='ocr_line' id='line_1_3' title="bbox 60 436 826 514; baseline -0.001 -19"><span class='ocrx_word' id='word_1_11' title='bbox 60 454 114 496; x_wconf 78' lang='lat' dir='ltr'>roas</span> <span class='ocrx_word' id='word_1_12' title='bbox 132 438 298 514; x_wconf 84' lang='lat' dir='ltr'>dispersus,</span> <span class='ocrx_word' id='word_1_13' title='bbox 321 437 373 496; x_wconf 86' lang='lat' dir='ltr'>sod</span> <span class='ocrx_word' id='word_1_14' title='bbox 396 456 464 496; x_wconf 88' lang='lat' dir='ltr'>cnm</span> <span class='ocrx_word' id='word_1_15' title='bbox 486 437 559 496; x_wconf 81' lang='lat' dir='ltr'>torti</span> <span class='ocrx_word' id='word_1_16' title='bbox 581 437 694 496; x_wconf 85' lang='lat' dir='ltr'>virtute</span> <span class='ocrx_word' id='word_1_17' title='bbox 718 436 826 495; x_wconf 86' lang='lat' dir='ltr'>caloris</span> 
     </span>
     <span class='ocr_line' id='line_1_4' title="bbox 131 525 804 600; baseline -0.001 -15"><span class='ocrx_word' id='word_1_18' title='bbox 131 530 231 587; x_wconf 87' lang='lat' dir='ltr'>terrea</span> <span class='ocrx_word' id='word_1_19' title='bbox 253 526 392 586; x_wconf 87' lang='lat' dir='ltr'>materies</span> <span class='ocrx_word' id='word_1_20' title='bbox 416 525 604 600; x_wconf 75' lang='lat' dir='ltr'>dissolvitur,</span> <span class='ocrx_word' id='word_1_21' title='bbox 628 527 804 585; x_wconf 88' lang='lat' dir='ltr'>attenuatur</span> 
     </span>
     <span class='ocr_line' id='line_1_5' title="bbox 133 614 948 692; baseline -0.002 -17"><span class='ocrx_word' id='word_1_22' title='bbox 133 637 187 692; x_wconf 89' lang='lat' dir='ltr'>per</span> <span class='ocrx_word' id='word_1_23' title='bbox 209 619 307 675; x_wconf 92' lang='lat' dir='ltr'>totum</span> <span class='ocrx_word' id='word_1_24' title='bbox 330 615 487 692; x_wconf 88' lang='lat' dir='ltr'>multoque</span> <span class='ocrx_word' id='word_1_25' title='bbox 510 615 594 675; x_wconf 85' lang='lat' dir='ltr'>venit</span> <span class='ocrx_word' id='word_1_26' title='bbox 616 634 683 673; x_wconf 89' lang='lat' dir='ltr'>cum</span> <span class='ocrx_word' id='word_1_27' title='bbox 705 614 828 673; x_wconf 89' lang='lat' dir='ltr'>flumine</span> <span class='ocrx_word' id='word_1_28' title='bbox 850 615 948 673; x_wconf 88' lang='lat' dir='ltr'>morbi</span> 
     </span>
     <span class='ocr_line' id='line_1_6' title="bbox 133 704 906 782; baseline -0.001 -18"><span class='ocrx_word' id='word_1_29' title='bbox 133 706 223 764; x_wconf 89' lang='lat' dir='ltr'>finem</span> <span class='ocrx_word' id='word_1_30' title='bbox 245 704 435 781; x_wconf 76' lang='lat' dir='ltr'>portendens.</span> <span class='ocrx_word' id='word_1_31' title='bbox 472 704 573 782; x_wconf 81' lang='lat' dir='ltr'>gravis</span> <span class='ocrx_word' id='word_1_32' title='bbox 596 704 741 763; x_wconf 86' lang='lat' dir='ltr'>intestina</span> <span class='ocrx_word' id='word_1_33' title='bbox 763 704 906 764; x_wconf 89' lang='lat' dir='ltr'>molestat</span> 
     </span>
     <span class='ocr_line' id='line_1_7' title="bbox 133 793 996 869; baseline -0.002 -15"><span class='ocrx_word' id='word_1_34' title='bbox 133 796 225 855; x_wconf 88' lang='lat' dir='ltr'>tortio</span> <span class='ocrx_word' id='word_1_35' title='bbox 249 796 297 855; x_wconf 83' lang='lat' dir='ltr'>vel</span> <span class='ocrx_word' id='word_1_36' title='bbox 320 794 505 854; x_wconf 86' lang='lat' dir='ltr'>stomachum</span> <span class='ocrx_word' id='word_1_37' title='bbox 530 812 596 851; x_wconf 90' lang='lat' dir='ltr'>cum</span> <span class='ocrx_word' id='word_1_38' title='bbox 619 793 743 869; x_wconf 82' lang='lat' dir='ltr'>putrida</span> <span class='ocrx_word' id='word_1_39' title='bbox 766 811 856 852; x_wconf 85' lang='lat' dir='ltr'>causa</span> <span class='ocrx_word' id='word_1_40' title='bbox 878 793 996 852; x_wconf 85' lang='lat' dir='ltr'>locatur</span> 
     </span>
     <span class='ocr_line' id='line_1_8' title="bbox 62 882 885 959; baseline 0.001 -19"><span class='ocrx_word' id='word_1_41' title='bbox 62 900 116 941; x_wconf 77' lang='grc'><strong>0040</strong></span> <span class='ocrx_word' id='word_1_42' title='bbox 133 885 166 943; x_wconf 91' lang='lat' dir='ltr'>in</span> <span class='ocrx_word' id='word_1_43' title='bbox 188 883 283 959; x_wconf 88' lang='lat' dir='ltr'>villis,</span> <span class='ocrx_word' id='word_1_44' title='bbox 306 902 407 943; x_wconf 88' lang='lat' dir='ltr'>mneos</span> <span class='ocrx_word' id='word_1_45' title='bbox 431 882 533 941; x_wconf 81' lang='lat' dir='ltr'>fimdit</span> <span class='ocrx_word' id='word_1_46' title='bbox 555 900 623 940; x_wconf 91' lang='lat' dir='ltr'>oum</span> <span class='ocrx_word' id='word_1_47' title='bbox 645 882 777 942; x_wconf 86' lang='lat' dir='ltr'>faecibus</span> <span class='ocrx_word' id='word_1_48' title='bbox 801 900 885 941; x_wconf 86' lang='lat' dir='ltr'>anns.</span> 
     </span>
     <span class='ocr_line' id='line_1_9' title="bbox 134 970 862 1050; baseline -0.004 -17"><span class='ocrx_word' id='word_1_49' title='bbox 134 973 262 1050; x_wconf 87' lang='lat' dir='ltr'>pectoris</span> <span class='ocrx_word' id='word_1_50' title='bbox 286 975 416 1050; x_wconf 86' lang='lat' dir='ltr'>angusta</span> <span class='ocrx_word' id='word_1_51' title='bbox 438 971 589 1030; x_wconf 73' lang='lat' dir='ltr'>testudine</span> <span class='ocrx_word' id='word_1_52' title='bbox 612 970 735 1047; x_wconf 86' lang='lat' dir='ltr'>putrida</span> <span class='ocrx_word' id='word_1_53' title='bbox 758 973 862 1030; x_wconf 86' lang='lat' dir='ltr'>clausa</span> 
     </span>
     <span class='ocr_line' id='line_1_10' title="bbox 134 1060 903 1138; baseline -0.003 -16"><span class='ocrx_word' id='word_1_54' title='bbox 134 1063 272 1122; x_wconf 86' lang='lat' dir='ltr'>materies</span> <span class='ocrx_word' id='word_1_55' title='bbox 296 1063 405 1121; x_wconf 91' lang='lat' dir='ltr'>tussim</span> <span class='ocrx_word' id='word_1_56' title='bbox 427 1063 528 1120; x_wconf 83' lang='lat' dir='ltr'>movet</span> <span class='ocrx_word' id='word_1_57' title='bbox 550 1060 721 1137; x_wconf 87' lang='lat' dir='ltr'>emittitque</span> <span class='ocrx_word' id='word_1_58' title='bbox 745 1060 903 1138; x_wconf 86' lang='lat' dir='ltr'>globosum</span> 
     </span>
     <span class='ocr_line' id='line_1_11' title="bbox 135 1149 1003 1228; baseline -0.003 -16"><span class='ocrx_word' id='word_1_59' title='bbox 135 1156 228 1228; x_wconf 86' lang='lat' dir='ltr'>atque</span> <span class='ocrx_word' id='word_1_60' title='bbox 251 1154 341 1209; x_wconf 82' lang='lat' dir='ltr'>tenax</span> <span class='ocrx_word' id='word_1_61' title='bbox 364 1153 497 1227; x_wconf 88' lang='lat' dir='ltr'>sputum.</span> <span class='ocrx_word' id='word_1_62' title='bbox 534 1150 635 1209; x_wconf 90' lang='lat' dir='ltr'>vultus</span> <span class='ocrx_word' id='word_1_63' title='bbox 660 1149 755 1224; x_wconf 86' lang='lat' dir='ltr'>color,</span> <span class='ocrx_word' id='word_1_64' title='bbox 777 1150 866 1224; x_wconf 86' lang='lat' dir='ltr'>hora,</span> <span class='ocrx_word' id='word_1_65' title='bbox 890 1149 1003 1224; x_wconf 86' lang='lat' dir='ltr'>diaeta,</span> 
     </span>
     <span class='ocr_line' id='line_1_12' title="bbox 136 1239 851 1317; baseline -0.003 -17"><span class='ocrx_word' id='word_1_66' title='bbox 136 1246 233 1315; x_wconf 79' lang='lat' dir='ltr'>aetaS,</span> <span class='ocrx_word' id='word_1_67' title='bbox 256 1243 379 1314; x_wconf 87' lang='lat' dir='ltr'>natura,</span> <span class='ocrx_word' id='word_1_68' title='bbox 402 1239 485 1298; x_wconf 87' lang='lat' dir='ltr'>locus</span> <span class='ocrx_word' id='word_1_69' title='bbox 509 1241 539 1298; x_wconf 87' lang='lat' dir='ltr'>et</span> <span class='ocrx_word' id='word_1_70' title='bbox 562 1239 692 1316; x_wconf 79' lang='lat' dir='ltr'>genitale</span> <span class='ocrx_word' id='word_1_71' title='bbox 716 1239 851 1317; x_wconf 78' lang='lat' dir='ltr'>sigillum</span> 
     </span>
     <span class='ocr_line' id='line_1_13' title="bbox 64 1327 884 1405; baseline 0 -19"><span class='ocrx_word' id='word_1_72' title='bbox 64 1346 116 1386; x_wconf 74' lang='grc'><strong>0040</strong></span> <span class='ocrx_word' id='word_1_73' title='bbox 135 1334 261 1390; x_wconf 88' lang='lat' dir='ltr'>naturae</span> <span class='ocrx_word' id='word_1_74' title='bbox 285 1330 441 1405; x_wconf 83' lang='lat' dir='ltr'>perspecta</span> <span class='ocrx_word' id='word_1_75' title='bbox 464 1327 553 1386; x_wconf 90' lang='lat' dir='ltr'>fidem</span> <span class='ocrx_word' id='word_1_76' title='bbox 575 1330 718 1405; x_wconf 87' lang='lat' dir='ltr'>poterunt</span> <span class='ocrx_word' id='word_1_77' title='bbox 740 1327 884 1387; x_wconf 87' lang='lat' dir='ltr'>stabilire.</span> 
     </span>
     <span class='ocr_line' id='line_1_14' title="bbox 208 1416 1002 1494; baseline -0.001 -18"><span class='ocrx_word' id='word_1_78' title='bbox 208 1417 359 1494; x_wconf 83' lang='lat' dir='ltr'>Simplicis</span> <span class='ocrx_word' id='word_1_79' title='bbox 382 1419 529 1477; x_wconf 87' lang='lat' dir='ltr'>insultum</span> <span class='ocrx_word' id='word_1_80' title='bbox 552 1418 657 1476; x_wconf 88' lang='lat' dir='ltr'>tritei</span> <span class='ocrx_word' id='word_1_81' title='bbox 680 1417 731 1475; x_wconf 87' lang='lat' dir='ltr'>lux</span> <span class='ocrx_word' id='word_1_82' title='bbox 755 1418 845 1476; x_wconf 88' lang='lat' dir='ltr'>tertia</span> <span class='ocrx_word' id='word_1_83' title='bbox 869 1416 1002 1493; x_wconf 88' lang='lat' dir='ltr'>quadam</span> 
     </span>
     <span class='ocr_line' id='line_1_15' title="bbox 136 1505 938 1586; baseline -0.004 -18"><span class='ocrx_word' id='word_1_84' title='bbox 136 1509 202 1586; x_wconf 86' lang='lat' dir='ltr'>lege</span> <span class='ocrx_word' id='word_1_85' title='bbox 225 1508 298 1565; x_wconf 83' lang='lat' dir='ltr'>meli</span> <span class='ocrx_word' id='word_1_86' title='bbox 321 1507 459 1583; x_wconf 82' lang='lat' dir='ltr'>replicat,</span> <span class='ocrx_word' id='word_1_87' title='bbox 483 1507 618 1583; x_wconf 86' lang='lat' dir='ltr'>alterque</span> <span class='ocrx_word' id='word_1_88' title='bbox 642 1507 820 1584; x_wconf 84' lang='lat' dir='ltr'>gravamina</span> <span class='ocrx_word' id='word_1_89' title='bbox 842 1505 938 1566; x_wconf 87' lang='lat' dir='ltr'>nescit</span> 
     </span>
     <span class='ocr_line' id='line_1_16' title="bbox 136 1595 925 1672; baseline -0.004 -15"><span class='ocrx_word' id='word_1_90' title='bbox 136 1596 318 1672; x_wconf 84' lang='lat' dir='ltr'>tranquillus</span> <span class='ocrx_word' id='word_1_91' title='bbox 342 1597 478 1672; x_wconf 88' lang='lat' dir='ltr'>lenisque</span> <span class='ocrx_word' id='word_1_92' title='bbox 502 1595 578 1670; x_wconf 80' lang='lat' dir='ltr'>dies,</span> <span class='ocrx_word' id='word_1_93' title='bbox 602 1596 654 1654; x_wconf 91' lang='lat' dir='ltr'>sed</span> <span class='ocrx_word' id='word_1_94' title='bbox 678 1596 806 1670; x_wconf 89' lang='lat' dir='ltr'>duplicis</span> <span class='ocrx_word' id='word_1_95' title='bbox 829 1596 925 1655; x_wconf 88' lang='lat' dir='ltr'>instat</span> 
     </span>
     <span class='ocr_line' id='line_1_17' title="bbox 137 1683 906 1762; baseline -0.003 -17"><span class='ocrx_word' id='word_1_96' title='bbox 137 1688 244 1762; x_wconf 80' lang='lat' dir='ltr'>quovis</span> <span class='ocrx_word' id='word_1_97' title='bbox 268 1704 346 1762; x_wconf 86' lang='lat' dir='ltr'>pena</span> <span class='ocrx_word' id='word_1_98' title='bbox 369 1685 426 1744; x_wconf 88' lang='lat' dir='ltr'>die.</span> <span class='ocrx_word' id='word_1_99' title='bbox 462 1684 572 1743; x_wconf 86' lang='lat' dir='ltr'>rubeae</span> <span class='ocrx_word' id='word_1_100' title='bbox 595 1683 753 1761; x_wconf 77' lang='lat' dir='ltr'>putredine</span> <span class='ocrx_word' id='word_1_101' title='bbox 776 1704 906 1760; x_wconf 86' lang='lat' dir='ltr'>namque</span> 
     </span>
     <span class='ocr_line' id='line_1_18' title="bbox 65 1772 912 1850; baseline 0 -19"><span class='ocrx_word' id='word_1_102' title='bbox 65 1790 119 1831; x_wconf 81' lang='grc'><strong>0000</strong></span> <span class='ocrx_word' id='word_1_103' title='bbox 138 1777 204 1835; x_wconf 87' lang='lat' dir='ltr'>orta</span> <span class='ocrx_word' id='word_1_104' title='bbox 227 1775 319 1834; x_wconf 82' lang='lat' dir='ltr'>febris</span> <span class='ocrx_word' id='word_1_105' title='bbox 342 1775 471 1848; x_wconf 82' lang='lat' dir='ltr'>colerae,</span> <span class='ocrx_word' id='word_1_106' title='bbox 495 1793 564 1833; x_wconf 88' lang='lat' dir='ltr'>cum</span> <span class='ocrx_word' id='word_1_107' title='bbox 586 1772 731 1850; x_wconf 82' lang='lat' dir='ltr'>praeterit</span> <span class='ocrx_word' id='word_1_108' title='bbox 753 1775 827 1832; x_wconf 85' lang='lat' dir='ltr'>hore</span> <span class='ocrx_word' id='word_1_109' title='bbox 851 1773 912 1832; x_wconf 90' lang='lat' dir='ltr'>diei</span> 
     </span>
     <span class='ocr_line' id='line_1_19' title="bbox 137 1856 1065 1940; baseline -0.002 -16"><span class='ocrx_word' id='word_1_110' title='bbox 137 1865 241 1937; x_wconf 86' lang='lat' dir='ltr'>tertia,</span> <span class='ocrx_word' id='word_1_111' title='bbox 263 1864 397 1923; x_wconf 86' lang='lat' dir='ltr'>membra</span> <span class='ocrx_word' id='word_1_112' title='bbox 420 1865 534 1940; x_wconf 83' lang='lat' dir='ltr'>quatit,</span> <span class='ocrx_word' id='word_1_113' title='bbox 557 1864 640 1940; x_wconf 85' lang='lat' dir='ltr'>rigor</span> <span class='ocrx_word' id='word_1_114' title='bbox 662 1864 768 1940; x_wconf 86' lang='lat' dir='ltr'>ingens</span> <span class='ocrx_word' id='word_1_115' title='bbox 791 1856 931 1938; x_wconf 85' lang='lat' dir='ltr'>praevius</span> <span class='ocrx_word' id='word_1_116' title='bbox 954 1863 1065 1938; x_wconf 85' lang='lat' dir='ltr'>instat,</span> 
     </span>
     <span class='ocr_line' id='line_1_20' title="bbox 138 1953 853 2014; baseline -0.004 0"><span class='ocrx_word' id='word_1_117' title='bbox 138 1957 168 2014; x_wconf 89' lang='lat' dir='ltr'>et</span> <span class='ocrx_word' id='word_1_118' title='bbox 191 1956 241 2013; x_wconf 85' lang='lat' dir='ltr'>fax</span> <span class='ocrx_word' id='word_1_119' title='bbox 265 1954 423 2012; x_wconf 79' lang='lat' dir='ltr'>succedens</span> <span class='ocrx_word' id='word_1_120' title='bbox 446 1953 575 2012; x_wconf 88' lang='lat' dir='ltr'>inmensi</span> <span class='ocrx_word' id='word_1_121' title='bbox 599 1953 745 2011; x_wconf 86' lang='lat' dir='ltr'>caumatis</span> <span class='ocrx_word' id='word_1_122' title='bbox 770 1956 853 2011; x_wconf 89' lang='lat' dir='ltr'>artus</span> 
     </span>
     <span class='ocr_line' id='line_1_21' title="bbox 139 2041 897 2119; baseline -0.005 -15"><span class='ocrx_word' id='word_1_123' title='bbox 139 2042 281 2104; x_wconf 88' lang='lat' dir='ltr'>accendit.</span> <span class='ocrx_word' id='word_1_124' title='bbox 318 2042 396 2101; x_wconf 88' lang='lat' dir='ltr'>ratio</span> <span class='ocrx_word' id='word_1_125' title='bbox 420 2061 646 2119; x_wconf 78' lang='lat' dir='ltr'>nonnumquam</span> <span class='ocrx_word' id='word_1_126' title='bbox 668 2041 791 2100; x_wconf 85' lang='lat' dir='ltr'>turbida</span> <span class='ocrx_word' id='word_1_127' title='bbox 814 2041 897 2100; x_wconf 83' lang='lat' dir='ltr'>fumo</span> 
     </span>
    </p>
   </div>
   <div class='ocr_carea' id='block_1_3' title="bbox 1205 752 1215 1489">
    <p class='ocr_par' dir='ltr' id='par_1_3' title="bbox 1205 752 1215 1489">
     <span class='ocr_line' id='line_1_22' title="bbox 1205 752 1215 1489; baseline 0 0"><span class='ocrx_word' id='word_1_128' title='bbox 1205 752 1215 1489; x_wconf 95' lang='lat' dir='ltr'> </span> 
     </span>
    </p>
   </div>
   <div class='ocr_carea' id='block_1_4' title="bbox 67 2130 963 2476">
    <p class='ocr_par' dir='ltr' id='par_1_4' title="bbox 67 2130 900 2296">
     <span class='ocr_line' id='line_1_23' title="bbox 139 2130 900 2207; baseline -0.004 -16"><span class='ocrx_word' id='word_1_129' title='bbox 139 2133 229 2192; x_wconf 87' lang='lat' dir='ltr'>febris</span> <span class='ocrx_word' id='word_1_130' title='bbox 252 2133 285 2191; x_wconf 93' lang='lat' dir='ltr'>in</span> <span class='ocrx_word' id='word_1_131' title='bbox 308 2150 427 2191; x_wconf 87' lang='lat' dir='ltr'>accessu</span> <span class='ocrx_word' id='word_1_132' title='bbox 452 2132 573 2206; x_wconf 87' lang='lat' dir='ltr'>delirat,</span> <span class='ocrx_word' id='word_1_133' title='bbox 597 2133 747 2207; x_wconf 87' lang='lat' dir='ltr'>tempora,</span> <span class='ocrx_word' id='word_1_134' title='bbox 770 2130 900 2189; x_wconf 87' lang='lat' dir='ltr'>frontem</span> 
     </span>
     <span class='ocr_line' id='line_1_24' title="bbox 67 2219 899 2296; baseline 0.002 -19"><span class='ocrx_word' id='word_1_135' title='bbox 67 2235 120 2277; x_wconf 82' lang='grc'><strong>0000</strong></span> <span class='ocrx_word' id='word_1_136' title='bbox 139 2226 170 2281; x_wconf 86' lang='lat' dir='ltr'>ot</span> <span class='ocrx_word' id='word_1_137' title='bbox 193 2223 327 2280; x_wconf 83' lang='lat' dir='ltr'>dextram</span> <span class='ocrx_word' id='word_1_138' title='bbox 350 2223 469 2296; x_wconf 87' lang='lat' dir='ltr'>partem</span> <span class='ocrx_word' id='word_1_139' title='bbox 491 2220 600 2295; x_wconf 89' lang='lat' dir='ltr'>capitis</span> <span class='ocrx_word' id='word_1_140' title='bbox 623 2238 764 2295; x_wconf 88' lang='lat' dir='ltr'>pressura</span> <span class='ocrx_word' id='word_1_141' title='bbox 787 2219 899 2279; x_wconf 89' lang='lat' dir='ltr'>doloris</span> 
     </span>
    </p>

    <p class='ocr_par' dir='ltr' id='par_1_5' title="bbox 138 2308 856 2385">
     <span class='ocr_line' id='line_1_25' title="bbox 138 2308 856 2385; baseline -0.006 -15"><span class='ocrx_word' id='word_1_142' title='bbox 138 2312 235 2370; x_wconf 87' lang='lat' dir='ltr'>maior</span> <span class='ocrx_word' id='word_1_143' title='bbox 257 2309 408 2384; x_wconf 84' lang='lat' dir='ltr'>dissolvit,</span> <span class='ocrx_word' id='word_1_144' title='bbox 431 2310 570 2385; x_wconf 83' lang='lat' dir='ltr'>privatur</span> <span class='ocrx_word' id='word_1_145' title='bbox 591 2328 713 2368; x_wconf 90' lang='lat' dir='ltr'>munere</span> <span class='ocrx_word' id='word_1_146' title='bbox 738 2308 856 2384; x_wconf 87' lang='lat' dir='ltr'>sompni</span> 
     </span>
    </p>

    <p class='ocr_par' dir='ltr' id='par_1_6' title="bbox 139 2396 963 2476">
     <span class='ocr_line' id='line_1_26' title="bbox 139 2396 963 2476; baseline -0.002 -18"><span class='ocrx_word' id='word_1_147' title='bbox 139 2399 291 2476; x_wconf 84' lang='lat' dir='ltr'>palpebra.</span> <span class='ocrx_word' id='word_1_148' title='bbox 329 2398 374 2457; x_wconf 90' lang='lat' dir='ltr'>bis</span> <span class='ocrx_word' id='word_1_149' title='bbox 399 2399 477 2457; x_wconf 87' lang='lat' dir='ltr'>senis</span> <span class='ocrx_word' id='word_1_150' title='bbox 502 2399 623 2476; x_wconf 86' lang='lat' dir='ltr'>gravius</span> <span class='ocrx_word' id='word_1_151' title='bbox 646 2399 806 2475; x_wconf 89' lang='lat' dir='ltr'>torquetur</span> <span class='ocrx_word' id='word_1_152' title='bbox 827 2397 859 2456; x_wconf 91' lang='lat' dir='ltr'>in</span> <span class='ocrx_word' id='word_1_153' title='bbox 882 2396 963 2456; x_wconf 91' lang='lat' dir='ltr'>horis</span> 
     </span>
    </p>
   </div>
   <div class='ocr_carea' id='block_1_5' title="bbox 141 2602 1165 3319">
    <p class='ocr_par' dir='ltr' id='par_1_7' title="bbox 141 2602 1165 3174">
     <span class='ocr_line' id='line_1_27' title="bbox 213 2602 1164 2672; baseline 0 -14"><span class='ocrx_word' id='word_1_154' title='bbox 213 2604 458 2658; x_wconf 67' lang='grc' dir='ltr'><strong>200400001οἀ0</strong></span> <span class='ocrx_word' id='word_1_155' title='bbox 479 2603 581 2657; x_wconf 87' lang='lat' dir='ltr'>crescit</span> <span class='ocrx_word' id='word_1_156' title='bbox 599 2604 622 2657; x_wconf 90' lang='grc'>0.</span> <span class='ocrx_word' id='word_1_157' title='bbox 660 2603 695 2668; x_wconf 78' lang='lat' dir='ltr'>cf.</span> <span class='ocrx_word' id='word_1_158' title='bbox 715 2604 789 2658; x_wconf 87' lang='lat' dir='ltr'>Plat.</span> <span class='ocrx_word' id='word_1_159' title='bbox 809 2603 840 2656; x_wconf 88' lang='lat' dir='ltr'>in</span> <span class='ocrx_word' id='word_1_160' title='bbox 861 2602 1005 2672; x_wconf 80' lang='lat' dir='ltr'>egestione</span> <span class='ocrx_word' id='word_1_161' title='bbox 1025 2602 1164 2671; x_wconf 79' lang='lat' dir='ltr'>quiddam</span> 
     </span>
     <span class='ocr_line' id='line_1_28' title="bbox 141 2674 1164 2803; baseline 0 -74"><span class='ocrx_word' id='word_1_162' title='bbox 141 2676 314 2803; x_wconf 48' lang='lat' dir='ltr'>qppaqglgssint</span> <span class='ocrx_word' id='word_1_163' title='bbox 327 2675 442 2801; x_wconf 64' lang='grc' dir='ltr'><strong>0000υέ0</strong></span> <span class='ocrx_word' id='word_1_164' title='bbox 461 2675 528 2798; x_wconf 67' lang='lat' dir='ltr'>vfitri</span> <span class='ocrx_word' id='word_1_165' title='bbox 545 2674 722 2800; x_wconf 43' lang='grc' dir='ltr'><strong>001101οἳοὂἓὲ</strong></span> <span class='ocrx_word' id='word_1_166' title='bbox 736 2674 745 2746; x_wconf 94' lang='grc'>00</span> <span class='ocrx_word' id='word_1_167' title='bbox 769 2679 838 2799; x_wconf 76' lang='grc' dir='ltr'>2οἷ0</span> <span class='ocrx_word' id='word_1_168' title='bbox 858 2674 908 2798; x_wconf 73' lang='lat' dir='ltr'>sfied</span> <span class='ocrx_word' id='word_1_169' title='bbox 928 2674 1164 2801; x_wconf 59' lang='lat' dir='ltr'>cumtedrdsecmbn</span> 
     </span>
     <span class='ocr_line' id='line_1_29' title="bbox 141 2744 1163 2888; baseline 0.001 -16"><span class='ocrx_word' id='word_1_170' title='bbox 141 2747 225 2873; x_wconf 62' lang='lat' dir='ltr'>finiam</span> <span class='ocrx_word' id='word_1_171' title='bbox 243 2763 413 2887; x_wconf 62' lang='lat' dir='ltr'>proteeddeeds</span> <span class='ocrx_word' id='word_1_172' title='bbox 432 2762 560 2873; x_wconf 64' lang='lat' dir='ltr'>moidied</span> <span class='ocrx_word' id='word_1_173' title='bbox 574 2744 852 2886; x_wconf 62' lang='lat' dir='ltr'>(poitondendnilrarl.)</span> <span class='ocrx_word' id='word_1_174' title='bbox 871 2761 1115 2888; x_wconf 44' lang='lat' dir='ltr'>Ungqqopinnviqlq:</span> <span class='ocrx_word' id='word_1_175' title='bbox 1133 2818 1163 2873; x_wconf 85' lang='lat' dir='ltr'>d.</span> 
     </span>
     <span class='ocr_line' id='line_1_30' title="bbox 141 2886 1165 2959; baseline 0.001 -16"><span class='ocrx_word' id='word_1_176' title='bbox 141 2891 171 2943; x_wconf 90' lang='lat' dir='ltr'>in</span> <span class='ocrx_word' id='word_1_177' title='bbox 191 2889 276 2943; x_wconf 87' lang='lat' dir='ltr'>nullis</span> <span class='ocrx_word' id='word_1_178' title='bbox 296 2892 312 2945; x_wconf 91' lang='grc'>0</span> <span class='ocrx_word' id='word_1_179' title='bbox 332 2891 418 2959; x_wconf 85' lang='lat' dir='ltr'>(Plot.</span> <span class='ocrx_word' id='word_1_180' title='bbox 439 2889 518 2943; x_wconf 91' lang='lat' dir='ltr'>dolor</span> <span class='ocrx_word' id='word_1_181' title='bbox 541 2889 662 2942; x_wconf 87' lang='lat' dir='ltr'>sentitur</span> <span class='ocrx_word' id='word_1_182' title='bbox 684 2889 760 2942; x_wconf 86' lang='lat' dir='ltr'>circa</span> <span class='ocrx_word' id='word_1_183' title='bbox 784 2888 847 2942; x_wconf 84' lang='lat' dir='ltr'>locs</span> <span class='ocrx_word' id='word_1_184' title='bbox 865 2887 896 2940; x_wconf 92' lang='lat' dir='ltr'>in</span> <span class='ocrx_word' id='word_1_185' title='bbox 914 2886 1016 2956; x_wconf 87' lang='lat' dir='ltr'>quibus</span> <span class='ocrx_word' id='word_1_186' title='bbox 1037 2889 1165 2944; x_wconf 87' lang='lat' dir='ltr'>contine·</span> 
     </span>
     <span class='ocr_line' id='line_1_31' title="bbox 141 2958 1165 3032; baseline 0 -17"><span class='ocrx_word' id='word_1_187' title='bbox 141 2966 188 3015; x_wconf 84' lang='lat' dir='ltr'>tur</span> <span class='ocrx_word' id='word_1_188' title='bbox 212 2961 340 3029; x_wconf 83' lang='lat' dir='ltr'>materia)</span> <span class='ocrx_word' id='word_1_189' title='bbox 364 2960 373 3032; x_wconf 90' lang='grc'>00</span> <span class='ocrx_word' id='word_1_190' title='bbox 397 2966 465 3014; x_wconf 89' lang='grc'><strong>2042</strong></span> <span class='ocrx_word' id='word_1_191' title='bbox 490 2963 583 3015; x_wconf 87' lang='lat' dir='ltr'>movet</span> <span class='ocrx_word' id='word_1_192' title='bbox 604 2961 619 3013; x_wconf 94' lang='grc'>0</span> <span class='ocrx_word' id='word_1_193' title='bbox 640 2960 744 3028; x_wconf 83' lang='lat' dir='ltr'>(Dar.):</span> <span class='ocrx_word' id='word_1_194' title='bbox 763 2959 851 3013; x_wconf 87' lang='lat' dir='ltr'>vomit</span> <span class='ocrx_word' id='word_1_195' title='bbox 870 2959 889 3014; x_wconf 83' lang='lat' dir='ltr'>d</span> <span class='ocrx_word' id='word_1_196' title='bbox 908 2958 918 3031; x_wconf 88' lang='grc'>00</span> <span class='ocrx_word' id='word_1_197' title='bbox 942 2965 1011 3013; x_wconf 87' lang='grc'><strong>2044</strong></span> <span class='ocrx_word' id='word_1_198' title='bbox 1036 2960 1165 3029; x_wconf 75' lang='lat' dir='ltr'>genitale</span> 
     </span>
     <span class='ocr_line' id='line_1_32' title="bbox 143 3030 1164 3102; baseline -0.002 -15"><span class='ocrx_word' id='word_1_199' title='bbox 143 3032 268 3102; x_wconf 82' lang='lat' dir='ltr'>sigillum</span> <span class='ocrx_word' id='word_1_200' title='bbox 296 3035 409 3087; x_wconf 90' lang='lat' dir='ltr'>nature:</span> <span class='ocrx_word' id='word_1_201' title='bbox 438 3033 468 3086; x_wconf 76' lang='lat' dir='ltr'>tc</span> <span class='ocrx_word' id='word_1_202' title='bbox 496 3039 535 3087; x_wconf 84' lang='lat' dir='ltr'>est</span> <span class='ocrx_word' id='word_1_203' title='bbox 562 3048 643 3085; x_wconf 87' lang='lat' dir='ltr'>sexus</span> <span class='ocrx_word' id='word_1_204' title='bbox 671 3032 748 3100; x_wconf 76' lang='grc'><strong>01000</strong></span> <span class='ocrx_word' id='word_1_205' title='bbox 775 3032 794 3084; x_wconf 87' lang='grc'>01</span> <span class='ocrx_word' id='word_1_206' title='bbox 820 3030 830 3102; x_wconf 94' lang='grc'>00</span> <span class='ocrx_word' id='word_1_207' title='bbox 858 3036 928 3085; x_wconf 86' lang='grc'><strong>2040</strong></span> <span class='ocrx_word' id='word_1_208' title='bbox 953 3034 1110 3099; x_wconf 78' lang='lat' dir='ltr'>perspecte</span> <span class='ocrx_word' id='word_1_209' title='bbox 1134 3033 1164 3087; x_wconf 87' lang='lat' dir='ltr'>d:</span> 
     </span>
     <span class='ocr_line' id='line_1_33' title="bbox 142 3104 500 3174; baseline -0.003 -16"><span class='ocrx_word' id='word_1_210' title='bbox 142 3105 269 3174; x_wconf 67' lang='lat' dir='ltr'>{incripta</span> <span class='ocrx_word' id='word_1_211' title='bbox 289 3105 304 3157; x_wconf 97' lang='grc'>0</span> <span class='ocrx_word' id='word_1_212' title='bbox 321 3106 325 3171; x_wconf 95' lang='grc'>0</span> <span class='ocrx_word' id='word_1_213' title='bbox 341 3104 446 3171; x_wconf 88' lang='lat' dir='ltr'>poterit</span> <span class='ocrx_word' id='word_1_214' title='bbox 465 3104 500 3157; x_wconf 82' lang='lat' dir='ltr'>bd</span> 
     </span>
    </p>

    <p class='ocr_par' dir='ltr' id='par_1_8' title="bbox 142 3171 1165 3319">
     <span class='ocr_line' id='line_1_34' title="bbox 215 3171 1165 3245; baseline 0.001 -17"><span class='ocrx_word' id='word_1_215' title='bbox 215 3182 284 3229; x_wconf 84' lang='grc'><strong>2040</strong></span> <span class='ocrx_word' id='word_1_216' title='bbox 303 3177 378 3230; x_wconf 78' lang='lat' dir='ltr'>rubr.</span> <span class='ocrx_word' id='word_1_217' title='bbox 397 3176 440 3228; x_wconf 91' lang='lat' dir='ltr'>De</span> <span class='ocrx_word' id='word_1_218' title='bbox 458 3173 586 3228; x_wconf 81' lang='lat' dir='ltr'>terciana</span> <span class='ocrx_word' id='word_1_219' title='bbox 605 3173 728 3242; x_wconf 85' lang='lat' dir='ltr'>simplici</span> <span class='ocrx_word' id='word_1_220' title='bbox 748 3175 776 3227; x_wconf 87' lang='lat' dir='ltr'>et</span> <span class='ocrx_word' id='word_1_221' title='bbox 795 3171 903 3241; x_wconf 82' lang='lat' dir='ltr'>duplici</span> <span class='ocrx_word' id='word_1_222' title='bbox 922 3173 937 3226; x_wconf 90' lang='grc'>0</span> <span class='ocrx_word' id='word_1_223' title='bbox 960 3172 970 3245; x_wconf 92' lang='grc'>00</span> <span class='ocrx_word' id='word_1_224' title='bbox 990 3176 1061 3227; x_wconf 77' lang='grc'><strong>2040</strong></span> <span class='ocrx_word' id='word_1_225' title='bbox 1082 3190 1165 3245; x_wconf 86' lang='lat' dir='ltr'>repu-</span> 
     </span>
     <span class='ocr_line' id='line_1_35' title="bbox 142 3244 1163 3319; baseline 0.002 -19"><span class='ocrx_word' id='word_1_226' title='bbox 142 3249 185 3300; x_wconf 88' lang='lat' dir='ltr'>tat</span> <span class='ocrx_word' id='word_1_227' title='bbox 205 3249 220 3301; x_wconf 88' lang='grc'><strong>0</strong></span> <span class='ocrx_word' id='word_1_228' title='bbox 238 3247 248 3319; x_wconf 93' lang='grc'>00</span> <span class='ocrx_word' id='word_1_229' title='bbox 266 3251 336 3301; x_wconf 87' lang='grc'><strong>2048</strong></span> <span class='ocrx_word' id='word_1_230' title='bbox 355 3246 426 3300; x_wconf 81' lang='lat' dir='ltr'>leuis</span> <span class='ocrx_word' id='word_1_231' title='bbox 447 3248 506 3315; x_wconf 80' lang='lat' dir='ltr'>(sic)</span> <span class='ocrx_word' id='word_1_232' title='bbox 525 3246 541 3300; x_wconf 90' lang='grc'>0</span> <span class='ocrx_word' id='word_1_233' title='bbox 558 3248 562 3315; x_wconf 94' lang='grc'>0</span> <span class='ocrx_word' id='word_1_234' title='bbox 579 3245 629 3299; x_wconf 89' lang='lat' dir='ltr'>sed</span> <span class='ocrx_word' id='word_1_235' title='bbox 647 3245 768 3314; x_wconf 87' lang='lat' dir='ltr'>duplicis</span> <span class='ocrx_word' id='word_1_236' title='bbox 789 3246 834 3313; x_wconf 88' lang='lat' dir='ltr'>(sc.</span> <span class='ocrx_word' id='word_1_237' title='bbox 853 3245 950 3314; x_wconf 72' lang='grc' dir='ltr'><strong>000000οε</strong></span> <span class='ocrx_word' id='word_1_238' title='bbox 970 3244 1006 3311; x_wconf 79' lang='lat' dir='ltr'>cs.</span> <span class='ocrx_word' id='word_1_239' title='bbox 1024 3262 1050 3299; x_wconf 86' lang='lat' dir='ltr'>c.</span> <span class='ocrx_word' id='word_1_240' title='bbox 1065 3248 1143 3303; x_wconf 70' lang='lat'><em>2104</em></span> <span class='ocrx_word' id='word_1_241' title='bbox 1160 3249 1163 3315; x_wconf 98' lang='grc'>0</span> 
     </span>
    </p>
   </div>
   <div class='ocr_carea' id='block_1_6' title="bbox 143 3323 1167 3638">
    <p class='ocr_par' dir='ltr' id='par_1_9' title="bbox 143 3323 1167 3638">
     <span class='ocr_line' id='line_1_36' title="bbox 143 3323 1165 3424; baseline 0.002 -19"><span class='ocrx_word' id='word_1_242' title='bbox 143 3323 232 3418; x_wconf 61' lang='lat' dir='ltr'>insta}</span> <span class='ocrx_word' id='word_1_243' title='bbox 252 3355 301 3420; x_wconf 78' lang='lat' dir='ltr'>(sic</span> <span class='ocrx_word' id='word_1_244' title='bbox 318 3354 370 3421; x_wconf 76' lang='lat' dir='ltr'>ips.</span> <span class='ocrx_word' id='word_1_245' title='bbox 390 3355 469 3421; x_wconf 88' lang='lat' dir='ltr'>corr.)</span> <span class='ocrx_word' id='word_1_246' title='bbox 489 3353 516 3405; x_wconf 88' lang='lat' dir='ltr'>b:</span> <span class='ocrx_word' id='word_1_247' title='bbox 536 3352 624 3406; x_wconf 85' lang='lat' dir='ltr'>instat</span> <span class='ocrx_word' id='word_1_248' title='bbox 643 3352 662 3405; x_wconf 85' lang='lat' dir='ltr'>cl</span> <span class='ocrx_word' id='word_1_249' title='bbox 681 3351 737 3420; x_wconf 82' lang='lat' dir='ltr'>(sed</span> <span class='ocrx_word' id='word_1_250' title='bbox 754 3351 846 3404; x_wconf 82' lang='lat' dir='ltr'>instar</span> <span class='ocrx_word' id='word_1_251' title='bbox 863 3367 932 3405; x_wconf 81' lang='lat' dir='ltr'>corr.</span> <span class='ocrx_word' id='word_1_252' title='bbox 952 3351 1037 3421; x_wconf 78' lang='lat' dir='ltr'>Dar.)</span> <span class='ocrx_word' id='word_1_253' title='bbox 1060 3351 1070 3424; x_wconf 94' lang='grc'>00</span> <span class='ocrx_word' id='word_1_254' title='bbox 1095 3356 1165 3407; x_wconf 82' lang='grc'><strong>2040</strong></span> 
     </span>
     <span class='ocr_line' id='line_1_37' title="bbox 143 3421 1167 3496; baseline 0.002 -19"><span class='ocrx_word' id='word_1_255' title='bbox 143 3423 231 3478; x_wconf 84' lang='lat' dir='ltr'>rubeo</span> <span class='ocrx_word' id='word_1_256' title='bbox 249 3426 269 3478; x_wconf 84' lang='lat' dir='ltr'>d</span> <span class='ocrx_word' id='word_1_257' title='bbox 288 3429 293 3493; x_wconf 93' lang='grc'>0</span> <span class='ocrx_word' id='word_1_258' title='bbox 313 3430 407 3493; x_wconf 67' lang='lat' dir='ltr'>niaque</span> <span class='ocrx_word' id='word_1_259' title='bbox 426 3425 454 3478; x_wconf 87' lang='lat' dir='ltr'>b:</span> <span class='ocrx_word' id='word_1_260' title='bbox 474 3425 582 3477; x_wconf 82' lang='lat' dir='ltr'>nexad</span> <span class='ocrx_word' id='word_1_261' title='bbox 604 3423 614 3494; x_wconf 96' lang='grc'>00</span> <span class='ocrx_word' id='word_1_262' title='bbox 637 3428 707 3477; x_wconf 87' lang='grc'><strong>2000</strong></span> <span class='ocrx_word' id='word_1_263' title='bbox 727 3422 796 3476; x_wconf 88' lang='lat' dir='ltr'>col’e</span> <span class='ocrx_word' id='word_1_264' title='bbox 815 3421 927 3492; x_wconf 87' lang='lat' dir='ltr'>(colere)</span> <span class='ocrx_word' id='word_1_265' title='bbox 948 3422 976 3477; x_wconf 81' lang='lat' dir='ltr'>b:</span> <span class='ocrx_word' id='word_1_266' title='bbox 1000 3422 1095 3478; x_wconf 87' lang='lat' dir='ltr'>colors</span> <span class='ocrx_word' id='word_1_267' title='bbox 1116 3425 1136 3479; x_wconf 85' lang='lat' dir='ltr'>d</span> <span class='ocrx_word' id='word_1_268' title='bbox 1156 3424 1167 3496; x_wconf 92' lang='grc'>00</span> 
     </span>
     <span class='ocr_line' id='line_1_38' title="bbox 145 3492 1164 3566; baseline 0.004 -19"><span class='ocrx_word' id='word_1_269' title='bbox 145 3499 213 3548; x_wconf 89' lang='grc'><strong>2002</strong></span> <span class='ocrx_word' id='word_1_270' title='bbox 234 3496 366 3550; x_wconf 75' lang='lat' dir='ltr'>succddes</span> <span class='ocrx_word' id='word_1_271' title='bbox 386 3497 401 3549; x_wconf 88' lang='grc'>0</span> <span class='ocrx_word' id='word_1_272' title='bbox 419 3494 429 3566; x_wconf 90' lang='grc'>00</span> <span class='ocrx_word' id='word_1_273' title='bbox 448 3499 517 3548; x_wconf 84' lang='grc'><strong>2003</strong></span> <span class='ocrx_word' id='word_1_274' title='bbox 536 3494 651 3549; x_wconf 83' lang='lat' dir='ltr'>turbida</span> <span class='ocrx_word' id='word_1_275' title='bbox 670 3496 686 3550; x_wconf 90' lang='grc'>0</span> <span class='ocrx_word' id='word_1_276' title='bbox 706 3496 812 3563; x_wconf 71' lang='grc'><strong>(100000</strong></span> <span class='ocrx_word' id='word_1_277' title='bbox 836 3492 952 3547; x_wconf 82' lang='lat' dir='ltr'>turbata</span> <span class='ocrx_word' id='word_1_278' title='bbox 971 3494 990 3548; x_wconf 84' lang='lat' dir='ltr'>d</span> <span class='ocrx_word' id='word_1_279' title='bbox 1010 3494 1014 3564; x_wconf 92' lang='grc'>0</span> <span class='ocrx_word' id='word_1_280' title='bbox 1036 3494 1117 3550; x_wconf 86' lang='lat' dir='ltr'>fumo</span> <span class='ocrx_word' id='word_1_281' title='bbox 1137 3496 1164 3551; x_wconf 84' lang='lat' dir='ltr'>b:</span> 
     </span>
     <span class='ocr_line' id='line_1_39' title="bbox 145 3565 995 3638; baseline 0.001 -19"><span class='ocrx_word' id='word_1_282' title='bbox 145 3583 252 3620; x_wconf 90' lang='lat' dir='ltr'>summo</span> <span class='ocrx_word' id='word_1_283' title='bbox 272 3568 291 3620; x_wconf 80' lang='lat' dir='ltr'>d</span> <span class='ocrx_word' id='word_1_284' title='bbox 309 3567 318 3638; x_wconf 93' lang='grc'>00</span> <span class='ocrx_word' id='word_1_285' title='bbox 337 3571 406 3620; x_wconf 90' lang='grc'><strong>2000</strong></span> <span class='ocrx_word' id='word_1_286' title='bbox 426 3565 529 3620; x_wconf 89' lang='lat' dir='ltr'>doloris</span> <span class='ocrx_word' id='word_1_287' title='bbox 548 3567 578 3621; x_wconf 84' lang='lat' dir='ltr'>d:</span> <span class='ocrx_word' id='word_1_288' title='bbox 599 3571 646 3620; x_wconf 72' lang='lat' dir='ltr'>-re</span> <span class='ocrx_word' id='word_1_289' title='bbox 665 3568 681 3621; x_wconf 90' lang='grc'>0</span> <span class='ocrx_word' id='word_1_290' title='bbox 699 3566 709 3637; x_wconf 95' lang='grc'>00</span> <span class='ocrx_word' id='word_1_291' title='bbox 729 3571 797 3619; x_wconf 78' lang='grc'><strong>2007</strong></span> <span class='ocrx_word' id='word_1_292' title='bbox 817 3565 957 3633; x_wconf 88' lang='lat' dir='ltr'>torqueris</span> <span class='ocrx_word' id='word_1_293' title='bbox 976 3566 995 3620; x_wconf 83' lang='lat' dir='ltr'>d</span> 
     </span>
    </p>
   </div>
   <div class='ocr_carea' id='block_1_7' title="bbox 0 0 1235 3998">
    <p class='ocr_par' dir='ltr' id='par_1_10' title="bbox 0 0 1235 3998">
     <span class='ocr_line' id='line_1_40' title="bbox 0 0 1235 3998; baseline 0 0"><span class='ocrx_word' id='word_1_294' title='bbox 0 0 1235 3998; x_wconf 95' lang='lat' dir='ltr'> </span> 
     </span>
    </p>
   </div>
  </div>
 </body>
</html>
