2422 3998
1035 174 1114 229 XVII

88 331 194 388 tamen
211 327 244 384 in
260 325 367 383 ultimo
384 325 494 384 codicis
514 325 647 384 mutilati
662 324 859 401 quaternione
874 317 909 403 (f.
922 318 1113 405 las-205)

91 416 271 493 imperfecta
294 413 394 472 deficit
416 407 465 495 (nt
488 413 587 473 desint
609 413 654 472 ed.
673 435 701 490 p.
719 414 849 472 88-93
876 407 995 494 Seh.).¹)

165 499 275 563 ‘Phale
298 503 415 562 tholum
438 503 608 562 cillentibue
631 503 724 562 radiis
747 502 941 579 perspicuum
965 523 1032 562 cum
1052 504 1114 563 iam
1141 565 1144 570 ,

89 595 307 672 prospicerem,
345 593 559 652 accelerantem
594 610 660 651 ecce
694 591 891 651 morabantur
924 613 971 651 me
1006 596 1114 669 tesqua

90 704 162 744 cum
192 681 305 742 scabris
336 681 458 740 dumeta
487 701 556 740 cum
587 680 757 758 quisquiliis
781 682 811 740 et
834 682 977 760 confraga
1000 682 1115 741 rubetis

90 771 327 833 circumvallate.
374 790 451 847 pape
489 772 590 830 eutem
625 770 744 848 inquies
779 770 827 828 mi
859 772 1017 830 anselme
1053 771 1115 831 iam

90 867 128 922 ut
156 860 244 920 video
273 878 416 937 quorsum
444 861 500 919 hoc
527 863 591 919 tarn
617 860 788 919 scabrosum
818 859 963 919 orationis
993 862 1116 937 respicit

93 944 274 1032 (³accipiat'
294 940 436 1029 Guelph.)
451 948 575 1008 inicium
590 997 596 1009 .
613 995 619 1008 .
635 995 642 1007 .
657 949 797 1008 domurn
814 967 917 1024 quarn
937 949 974 1006 in
993 950 1117 1026 anglia

96 1059 116 1098 a
152 1039 268 1117 gallia
301 1037 443 1097 rediens
478 1038 560 1098 adire
595 1038 738 1115 optabam
768 1038 900 1114 qualiter
930 1036 1056 1097 adierim
1086 1040 1117 1097 et

99 1128 216 1205 qualem
244 1127 410 1186 invenerim
440 1146 505 1186 ecce
534 1127 591 1186 tibi
621 1147 657 1186 ex
686 1127 823 1186 condicto
854 1121 1015 1188 conscribe.
1065 1126 1116 1185 Se·

98 1217 200 1294 quitur
230 1218 323 1276 etiam
352 1216 449 1276 oratio
477 1210 535 1296 (sio
562 1216 602 1292 G,
626 1211 865 1276 ‘demonstrans'
889 1216 956 1275 add.
980 1209 1021 1298 B)
1048 1235 1116 1292 par-

95 1308 149 1366 tirn
177 1325 280 1366 rerum
306 1306 370 1365 illic
397 1308 587 1365 inventarum
612 1306 741 1365 formam
773 1298 827 1387 (gl.
852 1300 1052 1365 ‘monstrans'
1076 1298 1116 1385 G)

93 1399 128 1455 nt
155 1394 215 1453 tibi
241 1413 288 1454 res
314 1395 358 1454 ibi
384 1397 505 1454 invente
527 1397 718 1455 innotescant
740 1398 771 1453 et
793 1396 906 1471 partim
929 1394 1117 1473 evagationis

93 1484 284 1562 ymaginarie
315 1485 473 1543 licenciam
605 1483 663 1544 Sed
695 1485 838 1560 quoniam
871 1485 960 1543 illum
991 1486 1118 1561 planum

95 1573 216 1633 dicendi
251 1572 374 1649 modurn
411 1592 469 1648 quo
504 1573 570 1647 <in
607 1573 779 1650 epistolis
815 1568 919 1632 meis'
957 1571 1024 1635 add'.
1053 1573 1117 1632 cod.

94 1662 215 1742 Brug.)
257 1663 303 1721 uti
345 1664 486 1722 consuevi
526 1662 644 1721 flumini
684 1663 783 1722 visum
824 1681 1041 1738 usquequaque
1085 1663 1118 1720 in
1157 1659 1162 1671 '

93 1752 157 1810 ima
182 1750 353 1810 admittenti
377 1751 580 1827 comparabas.
604 1752 782 1811 nobiliorem
811 1756 910 1811 autern
938 1751 995 1810 tibi
1022 1751 1119 1812 videri

94 1834 280 1919 (f.198b2)
311 1840 430 1900 dicebas
461 1841 626 1900 orationem
655 1842 747 1901 fluvio
777 1840 935 1899 tenebrosa
963 1840 1118 1916 profundi-

94 1932 160 1990 tate
202 1929 358 2008 stagnanti
398 1933 604 2006 comparatam
641 1931 680 1987 ad
717 1929 876 1988 arbitrium
912 1929 968 1988 tibi
1004 1948 1119 1988 morem

97 2013 217 2097 geram'
332 2012 377 2079 ‘et
412 2019 481 2078 inde
515 2018 607 2078 etiam
637 2019 694 2077 hoc
727 2017 938 2078 rationabilius
970 2018 1006 2076 fit
1038 2017 1119 2094 quod

96 2109 189 2168 latine
209 2108 352 2168 orationis
372 2107 490 2184 copiam
511 2108 544 2167 in
563 2107 624 2166 dies
648 2108 745 2166 minui
768 2107 940 2183 querebaris
965 2110 995 2165 et
1017 2126 1120 2165 rerum

95 2197 365 2256 usitatissimamm
379 2199 502 2256 nomina
515 2198 707 2276 ignotissima
722 2216 785 2257 esse
801 2196 928 2256 dicebas.
952 2196 1023 2255 ldeo
1039 2195 1120 2272 quod

95 2286 158 2345 iam
186 2305 261 2363 pene
290 2285 425 2346 obsoleta
448 2286 529 2363 apud
552 2287 686 2346 eruditos
710 2287 854 2346 celebrari
878 2288 1016 2362 oportere
1040 2304 1119 2345 asso·

95 2375 184 2434 rebas
207 2375 239 2432 in
262 2375 318 2434 hoc
343 2394 462 2452 quoqne
486 2375 586 2435 debito
609 2394 723 2435 morem
747 2377 803 2435 tibi
827 2369 954 2454 geram'.

171 2549 197 2614 1)
217 2548 316 2599 extant
338 2545 409 2599 haec
432 2546 462 2599 in
486 2546 592 2599 codicis
615 2548 697 2614 parte
721 2547 812 2600 altera
835 2545 853 2599 f.
871 2550 1021 2610 174-806,
1047 2560 1120 2612 quae

97 2616 192 2671 alieno
210 2615 347 2670 volumini
363 2616 457 2670 Ovidii
474 2616 560 2670 Statii
580 2619 632 2672 etc.
653 2619 779 2671 carmina
799 2616 955 2671 continenti
976 2619 1029 2686 (no.
1046 2621 1120 2669 1-4

95 2688 284 2755 Heinemaun)
305 2687 405 2741 eadem
424 2689 591 2758 compagine
615 2689 726 2742 adnexa
749 2689 812 2742 fuit.
846 2687 1015 2742 exhibentur
1037 2704 1121 2755 opus-

97 2759 163 2814 cula
182 2759 370 2827 grammatica
389 2761 554 2814 commentis
577 2761 720 2828 praedita:
749 2767 774 2814 5.
793 2759 812 2814 f.
829 2764 993 2813 174—189a
1012 2758 1120 2812 Dictio-

96 2830 893 2957 6811161119911116·17111·
905 2829 1124 2955 lustu

96 2971 293 3027 vocabularies
312 2973 342 3026 L.
358 2979 426 3027 1857
448 2992 475 3043 p.
492 2946 638 3043 120'sqq.).
655 2920 695 3013 Q
709 2979 732 3028 6.
752 2973 771 3026 f.
788 2920 884 3027 1891111
900 2972 1029 3026 ‘Summa
1047 2978 1121 3040 mg-rr

96 3043 207 3099 henrici
226 3044 355 3097 curialis’
374 3045 428 3115 (In
446 3046 547 3099 mediis
567 3046 696 3099 dieronas
714 3045 766 3097 hae
785 3045 875 3099 lector
892 3045 1006 3113 percipe
1024 3044 1121 3112 partes

98 3116 175 3180 Quas
188 3118 255 3168 tuus
269 3115 403 3169 hanricus
417 3117 574 3171 mediarum
593 3117 683 3170 tradit
702 3117 739 3169 ad
759 3116 848 3170 artes’
863 3160 868 3170 .
883 3158 889 3169 .
902 3121 919 3184 ,1
938 3115 997 3169 scil.
1013 3114 1121 3167 ‘versus

98 3187 316 3241 differentiales’
336 3188 386 3256 (sic
409 3188 525 3256 61896)
550 3205 613 3241 oum
638 3205 736 3241 comm.
756 3204 845 3256 usque
870 3188 906 3240 ad
930 3188 1014 3239 finem
1036 3185 1121 3238 huius

98 3258 294 3327 quaternionis
313 3259 363 3312 ubi
381 3262 462 3328 patet
480 3259 583 3313 lacuna
602 3261 676 3313 inter
694 3259 712 3311 f.
730 3262 839 3326 189190.
855 3291 888 3298 -
909 3264 933 3312 7.
948 3258 967 3311 f.
979 3260 1119 3309 190-197

98 3330 249 3398 quaternio
269 3330 420 3400 singularis
440 3334 476 3399 (=
495 3332 538 3384 ed.
557 3351 585 3400 p.
607 3331 847 3401 631741-155156
875 3346 908 3383 ex
929 3328 946 3381 l.
966 3327 1122 3382 Alexandri

98 3401 227 3455 Necham
256 3400 291 3453 de
318 3401 478 3455 nominibus
505 3403 669 3455 utensilium
698 3406 734 3469 (=
758 3401 850 3470 Ampl.
877 3402 930 3454 oct.
956 3405 998 3465 12,
1022 3406 1049 3453 2:
1077 3399 1120 3452 ed.

100 3472 215 3527 Scheler
237 3471 334 3526 Jahrb.
347 3473 406 3537 Vll,
427 3476 514 3546 60174
528 3476 555 3542 -1-
570 3478 697 3542 1551173,
716 3472 832 3541 Wrigbt
851 3472 917 3526 Voc.
938 3489 966 3540 p.
978 3474 1120 3536 96-119).

100 3577 133 3585 -
153 3550 179 3598 8.
199 3545 384 3616 tres-roo
404 3545 532 3614 Epistola
551 3546 681 3614 magistri
700 3545 788 3597 Adae.

153 3653 265 3695 Eomms
279 3652 314 3692 ed
324 3653 403 3694 Roee.
949 3648 976 3701 1)
