2422 3998
199 768 271 850 EX
303 766 583 850 GLOSULIS
613 766 1083 850 AFFORISMORUM

286 936 605 1020 SECUNDUM
635 934 985 1018 MAGISTRUM

446 1104 832 1187 CARDINALEM

405 1277 548 1348 (prologus
568 1278 628 1332 cod.
644 1277 730 1332 Basil.
745 1277 769 1330 D
784 1277 797 1330 I
813 1280 864 1346 16).

200 1456 281 1510 Vita
306 1454 420 1510 brevis
447 1459 500 1510 est
527 1472 583 1509 ars
609 1471 685 1511 vero
714 1455 826 1526 longa.
871 1454 995 1525 Corpora
1019 1454 1151 1512 humana

129 1529 263 1584 continua
286 1526 457 1582 resolutione
480 1527 665 1582 resolvuntur.
689 1525 769 1581 cuius
788 1541 873 1581 causa
892 1530 935 1581 est
953 1526 1066 1596 triplex.
1089 1544 1150 1582 una

128 1602 171 1654 est
190 1598 292 1653 debilis
311 1599 480 1670 coagulatio,
500 1615 535 1654 ex
553 1615 610 1667 qua
629 1598 781 1668 coagulata
799 1601 872 1653 sunt.
896 1597 999 1667 unde¹)
1018 1616 1078 1654 non
1096 1599 1149 1655 ha-

129 1671 197 1726 bent
219 1671 321 1725 fortem
339 1670 486 1738 virtutem,
509 1671 542 1724 ut
564 1671 675 1740 possint
695 1669 826 1724 resistere
849 1670 949 1725 virtuti
970 1669 1149 1738 dissolventi,

128 1744 202 1797 sicut
220 1741 368 1797 mineralia
390 1744 507 1812 propter
525 1741 627 1796 fortem
646 1741 871 1812 coagulationem
893 1741 1029 1796 resistunt
1047 1741 1150 1797 virtuti

130 1814 301 1869 dissolventi.
334 1814 409 1868 unde
432 1815 607 1868 Avicenna
630 1812 758 1867 ‘Utinam
787 1828 905 1881 corpora
929 1814 1026 1867 nostra
1053 1816 1151 1868 essent

128 1885 290 1952 mineralia,
313 1887 346 1939 ut
366 1901 423 1940 non
441 1885 483 1939 ita
501 1885 558 1939 cito
578 1881 816 1939 dissolverentur’.
850 1883 980 1938 Secunda
999 1900 1085 1938 causa
1105 1887 1150 1940 est

129 1958 196 2027 quia
210 1961 416 2026 componuntur
429 1973 463 2011 ex
475 1956 632 2023 contrariis,
648 1972 703 2024 que
717 1953 875 2010 adinvicem
887 1956 977 2026 agunt
990 1957 1019 2010 et
1030 1955 1149 2024 patiun-

127 2033 182 2096 tur,
202 2029 292 2083 omnis
306 2030 401 2083 autem
415 2027 510 2096 passio
524 2028 616 2097 mugis
630 2028 708 2081 facts
726 2027 816 2081 abicit
834 2041 851 2080 a
870 2026 1029 2081 substantia
1048 2043 1149 2082 secun-

128 2102 196 2154 dum
209 2099 466 2168 philosophum,
486 2100 515 2153 et
528 2099 570 2152 ita
584 2099 716 2154 continue
730 2098 928 2152 dissolvuntur.
950 2097 1047 2152 Tertia
1061 2114 1150 2153 causa

128 2174 171 2226 est
186 2171 328 2241 elongatio
342 2171 494 2224 nutrientis
509 2185 527 2223 a
545 2186 575 2224 re
593 2170 710 2224 nutrite.
738 2170 941 2224 nutrimentum
960 2170 1035 2224 enim
1050 2185 1149 2240 recep·

127 2249 188 2297 tum
207 2243 237 2296 in
256 2258 371 2311 corpore
390 2244 485 2296 nostro
505 2240 597 2294 multa
619 2241 807 2295 inmutatione
828 2243 967 2307 mutatur,
991 2242 1148 2309 antequam

128 2312 242 2368 nutriat.
274 2312 413 2382 digeritur
431 2312 506 2366 enim
524 2313 617 2380 prima
636 2312 794 2382 digestione
813 2315 843 2366 et
860 2311 984 2366 secunda
1003 2315 1032 2367 et
1050 2313 1149 2379 tertia,

128 2388 157 2440 et
175 2386 217 2438 ita
235 2383 326 2437 multa
344 2384 377 2438 fit
395 2383 568 2453 deperditio,
591 2385 745 2451 antequam
766 2384 893 2438 nutriens
912 2382 1027 2437 nutriat.
1061 2381 1150 2438 relin-

129 2456 191 2526 quit
214 2456 301 2510 etiam
324 2455 428 2509 multas
451 2453 688 2525 superfluitates&
715 2454 745 2507 in
771 2470 899 2523 corpore,
925 2470 979 2523 que
1005 2456 1149 2511 contrarie

128 2530 193 2581 sunt
219 2529 320 2581 nature
345 2526 434 2581 nostri
461 2526 585 2595 corporis
611 2528 641 2581 et
666 2529 849 2596 corrumpunt
874 2542 982 2594 corpus.
1019 2528 1053 2580 ut
1078 2542 1149 2598 ergo

128 2615 228 2667 corpus
243 2599 396 2651 humanum
412 2615 470 2653 non
484 2598 683 2652 dissolveretur
697 2596 790 2651 subito
805 2596 841 2651 ab
856 2596 939 2651 huius
955 2596 1033 2650 modi
1052 2599 1149 2653 causis

128 2669 354 2737 dissolventibus,
374 2670 531 2725 neccssaria
549 2668 606 2723 fuit
624 2668 721 2738 aliqua
739 2685 784 2722 ars
803 2669 950 2723 retardans
964 2670 1075 2723 tantam
1089 2669 1149 2725 dis·

127 2741 309 2805 solutionem,
328 2742 380 2795 heo
399 2743 494 2796 eutem
514 2744 557 2795 est
574 2740 724 2795 medicina.

199 2830 250 2884 Est
269 2831 364 2884 autem
382 2829 523 2885 medicina
542 2828 718 2884 nobilissima
736 2829 925 2884 scientiarum.
955 2830 998 2883 est
1016 2827 1091 2883 enim
1111 2830 1149 2885 de

128 2918 243 2970 corpore
257 2901 381 2956 humano
400 2904 429 2956 et
448 2902 483 2956 de
502 2900 678 2955 nobilissima
695 2899 863 2967 substantia,
882 2900 965 2954 homo
980 2900 1055 2954 enim
1070 2902 1149 2970 apud

126 3007 273 3078 theologos
300 3007 405 3063 dicitur
429 3007 606 3062 nobilissima
632 3010 833 3062 creaturarum.
872 2989 920 3076 ss')
946 3005 1002 3060 alie
1028 3006 1150 3062 scientie

127 3082 178 3134 eut
197 3082 262 3133 sunt
280 3078 316 3134 de
334 3078 418 3134 rebus
436 3077 646 3150 generabilibus
665 3081 694 3132 et
711 3076 941 3148 corruptibilibus
955 3079 1077 3145 tantum,
1096 3082 1150 3134 aut

126 3152 162 3204 de
180 3150 331 3205 celestibus
350 3154 475 3218 tantum,
498 3150 639 3204 medicina
658 3152 753 3204 autem
777 3152 821 3205 est
843 3152 902 3203 tam
923 3150 959 3203 de
977 3149 1040 3203 istis
1061 3166 1148 3218 quam

127 3221 162 3276 de
181 3222 246 3276 illis.
280 3238 335 3275 non
355 3223 428 3276 enim
448 3221 538 3276 solum
557 3221 695 3275 rectificat
714 3220 913 3290 dispositiones
935 3221 1072 3289 corporis,
1096 3222 1148 3276 sed

200 3420 226 3486 1)
244 3418 332 3472 unos:
353 3404 389 3472 ,u
408 3419 465 3473 coo.
481 3421 546 3488 (pro
563 3395 617 3486 tr).
708 3421 734 3487 2)
754 3415 974 3486 superfluitates:
995 3404 1073 3472 rm.

200 3525 226 3594 3)
245 3509 277 3595 {ir
296 3527 336 3580 sic
354 3524 421 3592 cod,
439 3531 471 3579 at
488 3525 574 3591 iufra.
