2422 3998
516 215 685 271 VIATIGUS

91 367 231 444 signatus
254 365 312 424 tibi
334 369 488 426 tetratei
512 369 582 426 sunt
604 367 711 426 nuntia
734 368 819 426 veri.

91 455 186 514 febris
208 454 240 513 in
262 455 380 516 insultu
402 456 547 532 patientis
571 457 699 533 dissipat
722 459 806 516 artus

91 545 181 622 algor
204 547 234 603 et
256 544 391 604 horrenti
414 545 594 624 constringit
616 547 750 604 membra
771 548 914 622 tremore,

44 653 69 695 rs
91 654 184 710 quem
208 635 290 692 calor
312 634 481 711 insequitur
503 635 615 710 lentus,
639 635 786 712 duratque
811 656 864 712 per
886 637 975 696 horas

90 741 173 799 pena
196 726 303 799 quater
325 742 419 783 senaa.
458 725 611 800 duplicato
635 725 769 784 membra
791 725 949 800 quiescunt

89 814 236 871 horarum
258 833 397 888 numero,
421 813 514 873 donec
536 816 685 873 restauret
707 833 832 873 acumen

91 902 217 978 putrida
239 904 394 978 materies,
417 922 495 978 quae
518 921 633 962 summo
656 903 776 962 turbiue
799 903 895 963 cordis

89 991 205 1066 inpetit
227 994 373 1069 angustos
395 994 505 1051 motus.
542 991 630 1050 urina
654 992 760 1052 caloris

44 1104 68 1144 ro
89 1079 210 1140 indicat
233 1081 383 1156 effectum,
407 1100 474 1139 cum
497 1081 558 1140 iam
582 1100 637 1140 sua
658 1083 727 1140 iura
749 1081 873 1140 resolvit

90 1170 169 1227 hora
192 1171 367 1246 paroxismi,
391 1189 468 1247 quae
492 1171 535 1229 sic
558 1171 614 1229 sub
637 1170 702 1230 luce
726 1172 864 1247 sequenti

89 1258 190 1317 tincta
212 1261 328 1334 manet,
351 1260 404 1318 sed
427 1261 464 1318 ab
487 1259 604 1318 insultu
627 1279 694 1318 cum
716 1260 849 1318 membra
873 1259 967 1335 quieti

90 1347 248 1424 mancipat
270 1349 358 1424 hora,
381 1350 474 1408 micat
497 1349 634 1407 albedine
658 1348 815 1425 splendida
838 1349 921 1408 visus

92 1437 257 1496 admittens
280 1438 381 1498 radios
404 1439 502 1497 tenuis
526 1438 705 1498 substantia,
742 1439 808 1497 luce

44 1547 67 1589 ro
93 1545 172 1603 quae
194 1527 292 1586 morbi
314 1527 403 1585 finem
427 1527 567 1604 spondet,
591 1529 618 1587 si
640 1529 718 1586 forte
740 1528 909 1603 triumphat

92 1617 126 1674 in
149 1616 286 1674 morbum
309 1619 419 1676 natura
441 1618 553 1695 nigret,
578 1636 646 1675 cum
669 1617 809 1693 putridus
833 1617 940 1675 humor

93 1707 207 1764 eiectus
228 1705 399 1782 mixtusque
423 1706 512 1764 simul
536 1725 604 1764 cum
627 1707 708 1765 faece
733 1706 861 1764 colorem

93 1794 273 1871 appropriat
295 1794 461 1869 tribuitque
484 1814 580 1854 suum.
628 1792 689 1853 Sub
712 1813 833 1870 vespere
857 1813 936 1871 pena

92 1884 229 1958 inchoat,
253 1902 345 1960 osque
369 1902 475 1959 sapore
498 1883 574 1960 vigil
596 1883 743 1941 mentitur
766 1886 897 1958 acetum,

44 1995 70 2035 so
91 1973 176 2032 haud
198 1973 329 2031 multum
352 1973 439 2032 velox
460 1973 565 2048 pulsus
590 1991 658 2031 cum
680 1973 801 2032 verbere
820 1973 894 2032 duro

91 2063 238 2137 inmutat,
262 2061 358 2140 digito
382 2082 450 2121 cum
473 2062 575 2120 erebro
604 2062 751 2138 suppetit,
774 2063 876 2121 ictum.

92 2151 184 2210 febris
207 2151 239 2209 in
262 2153 379 2212 incessu
403 2146 499 2211 livent
521 2154 666 2226 extrema,
690 2154 809 2210 recusat

92 2239 214 2317 sompni
237 2241 359 2299 delicias
383 2242 487 2300 oculus
511 2240 598 2318 vigil,
623 2240 747 2300 artubus
768 2240 863 2318 aegris

92 2331 235 2407 segnities
258 2330 370 2389 inferta
392 2334 506 2404 manet,
530 2329 709 2406 quandoque
732 2333 850 2388 tumore

44 2437 71 2480 ss
91 2419 170 2479 tibia
193 2420 351 2497 turgescit,
375 2420 459 2496 pedis
482 2421 654 2496 ingrossata
676 2420 811 2479 minatur

91 2507 259 2586 ydropisim
282 2527 364 2583 caro,
388 2509 460 2567 dum
484 2510 574 2568 durat
596 2509 671 2567 facit
692 2508 814 2567 horrida
838 2526 979 2584 sompnus

92 2598 244 2674 sompnia,
268 2616 345 2672 quae
368 2598 466 2674 spleni
487 2617 559 2674 pars
582 2601 628 2657 est
651 2617 767 2656 annexa
790 2597 913 2657 sinistra

167 2754 236 2801 2112
255 2749 384 2818 signatus
403 2751 434 2804 a:
454 2727 552 2820 atses
572 2751 621 2818 (so
640 2749 1115 2818 marcaont=srgnq1tena

91 2820 153 2875 thei
173 2821 209 2874 bd
231 2820 241 2892 Η
264 2826 334 2875 2116
352 2821 494 2889 patientes
518 2821 642 2889 discipat
665 2822 681 2874 b
706 2821 716 2892 Η
739 2825 808 2873 2116
829 2819 945 2888 duplato
969 2821 988 2874 d
1010 2819 1020 2892 tt
1043 2825 1113 2873 2118

92 2915 212 2978 qsr‘ima
231 2910 259 2963 b:
282 2927 345 2963 cum
369 2909 436 2964 forti
456 2911 476 2964 d
499 2909 509 2981 Η
534 2913 604 2962 2119
623 2896 716 2977 Inpett
740 2909 857 2978 angust9
876 2910 949 2962 111019
968 2910 983 2962 b
1043 2914 1112 2962 2121

91 2987 161 3053 pexi
180 2982 204 3047 b,
223 2981 386 3048 parossismi
404 2982 423 3035 d
444 2981 553 3050 101061
573 2987 609 3036 110
629 2983 723 3051 (nunc)
743 2982 758 3034 b
780 2981 784 3050 Ι
805 2980 948 3047 sequentis
967 2981 983 3034 b
1044 2985 1113 3033 2126

92 3052 246 3119 maticipat
265 3053 280 3105 b
303 3051 313 3124 tt
336 3058 405 3106 2126
425 3051 498 3106 forte
517 3053 547 3107 d:
568 3055 668 3122 sponte
687 3053 702 3106 b
719 3054 723 3120 Ι
739 3051 898 3119 triumphat
917 3053 945 3105 b:
965 3052 1050 3120 -phet
1068 3053 1087 3106 d
1104 3051 1115 3122 ΙΙ

93 3130 165 3178 2126
184 3126 285 3176 natura
303 3122 380 3192 viget
399 3124 425 3190 d,
445 3125 566 3177 mictura
585 3125 679 3195 nigret
698 3124 713 3177 b
733 3123 946 3193 (0111010121,
966 3124 995 3178 0.
1010 3122 1038 3178 S.
1053 3123 1115 3189 111,

91 3233 139 3299 23)
162 3230 172 3302 Η
193 3235 263 3284 2128
283 3209 387 3304 appiat
406 3231 433 3284 b:
453 3230 595 3299 approbat
613 3232 632 3285 d
648 3233 651 3300 Ι
669 3248 749 3283 suum
769 3231 798 3284 b:
818 3230 903 3283 situm
921 3230 940 3283 d
957 3231 960 3295 Ι
976 3233 1051 3298 pena
1071 3229 1115 3353 ὸν

93 3307 164 3355 2129
185 3318 284 3370 sapore
303 3301 374 3371 vigil
393 3304 451 3372 (sic)
471 3303 495 3368 b,
515 3318 599 3370 sapor
614 3303 674 3356 vini
691 3303 711 3356 d
728 3302 739 3374 ΙΙ
757 3305 827 3354 2160
846 3301 973 3354 haudd:
992 3300 1043 3353 hat
1063 3303 1103 3368 (ve

92 3374 158 3442 hac)
178 3374 202 3428 b.
231 3374 266 3440 cf.
280 3391 305 3428 0.
319 3377 392 3429 2169
414 3372 424 3445 t!
445 3379 513 3427 2161
534 3374 637 3442 digito:
657 3375 736 3426 ·tum
754 3373 790 3427 bd
810 3372 820 3444 Η
839 3378 908 3425 2162
927 3373 1051 3426 incessu:
1070 3372 1114 3424 in-

94 3461 181 3500 censu
195 3445 289 3513 (106111)
305 3446 329 3512 b,
349 3461 462 3499 accessu
481 3446 500 3500 d
546 3450 616 3498 2131
635 3445 752 3499 inferta:
773 3444 925 3510 inserted,
944 3443 1056 3497 infirma
1074 3442 1114 3515 bit

93 3522 164 3570 2136
183 3517 325 3584 ydropisis
338 3517 357 3571 d
372 3516 453 3586 (-sim
471 3518 498 3586 b)
545 3521 614 3569 2167
635 3516 739 3584 splenis
759 3515 861 3586 (spleni
875 3516 959 3584 Dar.)
974 3516 1004 3569 d:
1023 3514 1113 3583 ipleta

93 3589 258 3657 blannexu
276 3589 305 3642 d:
327 3589 452 3642 anoxub
