2422 3998
536 124 706 180 VIATIOUS

109 273 193 355 none
216 295 269 351 per
291 275 455 336 diabrosim
479 294 571 335 venae
595 293 739 355 compage
762 278 863 336 solute

111 363 137 402 n
165 361 295 440 colerae,
319 384 398 424 nunc
420 365 543 424 ubertas
567 366 682 424 occasio
706 365 802 425 fluxus

110 432 250 513 effletur.
287 453 313 513 si
336 454 508 514 vulneribus
533 455 573 513 sit
595 473 672 514 vena
694 454 808 529 solute,

70 533 96 573 ¹¹⁰
109 520 140 581 fii
172 536 268 618 dolor,
292 545 322 602 et
346 561 436 603 causo
459 544 623 619 praecessit
645 543 769 620 praevie
792 562 876 604 cesus

107 620 168 678 aut
193 631 247 692 iter
270 635 325 691 cut
346 652 451 711 pugne
473 633 522 692 vel
545 634 668 709 quaevis
693 652 783 692 causa
805 633 938 711 fatigans

104 699 259 781 humanas
282 721 375 798 vires,
398 724 429 780 et
451 722 520 799 puri
542 723 698 800 sanguinis
722 723 803 782 unda

101 791 217 870 ⁰ffluit.
253 811 376 870 ubertas
400 810 425 871 si
448 829 540 871 cause
563 812 615 886 sit,
639 812 776 871 uberiore

97 877 235 959 flumine
258 901 442 977 prorumpit,
466 902 507 960 sit
529 900 648 978 signum
671 902 815 978 plectorc,
839 921 932 961 venae

70 977 230 1065 molles,
255 1007 381 1050 carnosa
404 989 504 1066 chymi
527 990 589 1050 sine
613 990 698 1050 sorde
721 990 847 1066 fluento,

91 1075 170 1135 ¹¹00
191 1078 277 1138 dolor
298 1079 431 1139 infestet.
469 1078 583 1138 colerae
607 1080 634 1139 si
656 1080 765 1138 fundat
787 1099 912 1140 acumen

89 1163 312 1246 Sanguineum
333 1168 492 1243 minctum,
515 1167 640 1226 mordax
662 1171 813 1245 punctura
834 1170 988 1247 molestet,

89 1242 132 1301 ⁰¹3
169 1275 286 1318 croceus
310 1261 398 1317 notat
419 1259 476 1316 hoc
499 1259 634 1336 sanguis,
659 1258 789 1318 corrosio
812 1278 906 1319 venae
934 1305 935 1309 ,
1055 1245 1058 1253 ¹

89 1341 269 1424 Sanguinis
292 1347 452 1406 inmundus
476 1365 543 1405 cum
566 1346 700 1417 foecibus
724 1348 796 1407 eicit
817 1348 923 1409 undas.

70 1413 192 1494 uhuno
214 1436 327 1495 fluxum
351 1435 377 1495 si
400 1435 502 1495 fundit
525 1455 609 1512 sper,
634 1438 805 1515 prorumpit
827 1438 966 1498 habunde

95 1516 139 1607 ‘ffb
166 1545 259 1601 purus
283 1527 418 1603 sanguis,
443 1525 577 1604 gravitas
600 1526 784 1604 ypocondria
808 1526 914 1587 dextre

98 1615 249 1690 suessent,
274 1616 425 1691 postrema
447 1613 523 1674 feeit
545 1633 601 1673 sua
623 1615 749 1674 flumine
772 1617 894 1694 sanguis

104 1703 200 1763 urina
222 1705 365 1763 manento
387 1702 481 1781 prius.
520 1704 546 1762 si
569 1704 689 1764 renibus
713 1706 786 1779 erit,

110 1779 145 1848 '111
167 1811 272 1851 renum
294 1794 417 1870 regione
440 1793 526 1852 dolor
545 1792 735 1868 discernitur,
759 1796 848 1870 atque

70 1876 100 1920 *⁸⁵
116 1881 250 1952 passibus
274 1882 411 1959 aequetis
435 1884 575 1958 currunt,
599 1882 703 1942 effusio
727 1884 857 1961 sanguis.

118 1967 140 2027 si
161 1971 202 2032 sit
224 1970 305 2030 laesa
328 1970 411 2047 kilis,
435 1972 500 2030 illic
522 1970 671 2048 perpende
695 1970 836 2031 dolorem.

118 2062 228 2120 vesicae
251 2061 327 2120 vitio
351 2062 377 2120 si
400 2061 534 2137 perfluit,
559 2062 641 2120 ocius
665 2061 727 2120 exit

117 2150 217 2209 urinae
239 2150 336 2209 fluxus
358 2167 566 2227 praecurrens,
590 2150 670 2210 vasis
693 2152 726 2208 in
748 2149 809 2208 imo

116 2239 251 2299 subsistit
274 2240 328 2315 qui
350 2241 489 2317 grossitie
513 2242 637 2319 cogente
660 2239 799 2300 deorsum

70 2327 239 2403 clabitur,
263 2329 294 2387 et
317 2329 454 2389 cumulus
477 2347 565 2388 cruor
588 2330 687 2390 estin
710 2347 781 2389 vase
805 2328 954 2406 globosus.

114 2418 194 2494 qnod
217 2417 243 2477 si
266 2436 444 2495 squamosus
469 2436 576 2477 exosus
599 2418 723 2478 nuribus
748 2419 821 2493 exit,

113 2508 226 2583 absque
250 2506 308 2565 fide
332 2506 425 2567 dubis
447 2507 563 2567 vesicae
585 2508 711 2566 vulnera
733 2507 842 2583 prodit.

183 2595 327 2655 Humoris
351 2596 480 2673 duplicis
504 2596 621 2674 lepidi
644 2599 755 2655 natura
777 2595 931 2656 ministret

110 2687 271 2744 materiam
293 2685 446 2762 variisque
468 2686 541 2746 locis
564 2687 620 2746 hoc
643 2685 836 2745 materiatum

70 2776 260 2849 renascitur,
283 2774 316 2833 in
338 2794 408 2835 rene
432 2776 565 2854 gemino,
588 2774 726 2854 frigentis
749 2775 781 2833 in
805 2794 854 2833 ore

110 2864 239 2923 vesicae.
276 2864 359 2923 cibus
382 2866 439 2923 hoc
463 2866 626 2941 dampnum
649 2868 798 2941 potusque
821 2863 975 2922 ministret

185 3040 254 3088 1467
274 3034 437 3104 dycbrosim
457 3037 472 3088 b
491 3036 537 3105 (ef.
556 3039 655 3105 c.738)
677 3035 687 3108 d
711 3040 778 3089 1471
798 3038 895 3104 pugna
913 3035 973 3103 (sic)
993 3035 1009 3089 b
1030 3033 1041 3116 ss
1064 3039 1133 3087 1412

112 3108 141 3160 et
160 3106 236 3175 puri:
257 3107 335 3175 ipuri
354 3107 378 3161 b.
415 3108 456 3160 Io.
477 3107 501 3158 si
525 3106 563 3160 sit
586 3123 621 3161 ex
640 3107 772 3176 ruptione
791 3123 859 3161 vene
877 3122 965 3174 purus
984 3105 1133 3159 emittitur.

112 3178 136 3230 si
161 3194 196 3231 ex
218 3178 377 3233 corrosione
400 3178 445 3231 vel
468 3183 546 3247 (corr.
567 3179 629 3232 sine
653 3185 686 3233 ut
709 3180 806 3247 supra)
829 3177 944 3232 vulnere
966 3175 1134 3245 purulentus

112 3251 157 3303 est
174 3249 184 3321 Η
203 3249 399 3303 14791mudcs
415 3251 430 3305 b
448 3249 458 3321 d
477 3253 547 3303 1485
563 3252 678 3303 currunt
691 3251 751 3307 scc'l.
764 3251 850 3305 urica
864 3255 889 3306 ct
902 3249 1018 3319 scuposis
1034 3247 1045 3322 d
1064 3253 1133 3303 1487

112 3321 207 3375 oocius
227 3321 242 3375 b
260 3321 270 3392 d
291 3326 359 3375 1488
378 3321 460 3376 urine
478 3326 613 3390 pcumens
631 3320 722 3375 fluxus
742 3323 757 3376 b

186 3397 255 3446 1498
278 3394 353 3449 rubr.
377 3393 419 3448 De
443 3392 547 3461 lepidis
571 3393 664 3447 causis
688 3395 717 3447 ct
742 3393 830 3462 signis
856 3395 886 3447 et
911 3389 1058 3461 speciebus
1085 3393 1101 3445 b
1126 3391 1136 3462 Η

114 3504 183 3553 1494
202 3476 222 3551 t
241 3488 348 3554 maden
368 3502 427 3570 (sic)
447 3502 463 3554 o
