2422 3998
518 193 688 249 VIATIGUS

89 347 237 408 vescendi
258 346 446 406 stomachum
468 349 609 406 saturans
632 348 674 406 sit
697 366 800 421 causa,
824 349 942 423 require

90 437 243 496 indicium
264 435 334 496 fidei
357 434 482 495 dubium
504 435 648 512 patientis
672 435 710 494 ab
734 455 792 495 ore.

166 526 312 586 Nascitur
334 525 447 604 algoris
470 525 546 585 uitio
569 525 756 604 singultus
780 528 811 585 et
833 544 900 585 esca

46 686 49 715 Ι
91 617 294 692 exsuperante
316 615 453 690 modum,
476 615 525 674 vel
548 633 615 674 cunr
638 613 820 675 subvertitur
844 614 945 691 amplo

91 704 213 765 fabrica
235 706 361 764 naturae
383 705 480 780 fluxu,
503 723 573 765 cum
596 704 697 765 deficit
719 705 826 763 humor

92 795 232 872 corporis
254 794 378 854 humani
402 793 510 868 fomes,
534 813 602 852 cnm
624 798 779 853 menstrua
801 793 891 852 nimis

92 883 254 961 sanguinis
277 884 438 959 erumpunt
460 883 616 961 membris,
638 883 686 943 vel
709 883 823 943 uentris
845 881 1023 941 habundans

46 1018 49 1044 ,
92 973 232 1032 officinm
256 991 362 1050 corpus
386 974 531 1046 macerat,
554 973 602 1031 vel
625 991 739 1032 nausea
763 973 884 1048 chymos

46 1104 48 1113 ·
91 1062 253 1122 luxurians
276 1062 374 1137 reicit,
398 1063 454 1120 aut
472 1063 523 1120 ani
545 1061 680 1138 profluus
703 1061 800 1121 imber

46 1156 48 1192 ²
91 1156 179 1212 artus
205 1153 349 1211 extenuat
370 1150 478 1210 emisso
502 1152 661 1228 sanguine,
685 1151 777 1228 longa

46 1244 164 1325 ¹procum
188 1242 269 1300 vires
291 1242 433 1300 minuunt
455 1241 568 1299 ieiunia
591 1242 639 1299 uel
663 1239 807 1299 diuturna

89 1331 199 1409 passio
222 1330 430 1389 membrorum.
469 1329 495 1387 si
517 1331 608 1389 noxia
631 1328 807 1407 frigiditatis

90 1421 176 1481 actio
200 1418 340 1496 producit
362 1422 491 1495 pestem,
514 1417 549 1478 fit
571 1419 697 1478 nuntius
721 1438 785 1492 aer,

89 1512 195 1570 forma
219 1507 320 1568 diaeta
342 1508 425 1588 locus
449 1509 537 1566 urina
559 1508 633 1567 fides
656 1507 799 1584 patientis

89 1598 243 1658 indicium
265 1596 430 1674 perhibent.
468 1597 619 1657 defectum
642 1597 798 1676 sanguinis
822 1595 917 1654 edunt

46 1688 240 1749 laudabilitas
263 1687 372 1747 macies
396 1687 503 1762 pallor.
541 1687 567 1746 si
590 1686 696 1746 noxius
719 1687 827 1745 humor

91 1776 236 1852 offendit,
259 1777 351 1836 facies
374 1774 496 1835 habitus
519 1795 610 1853 sapor
632 1779 724 1852 atque
748 1775 849 1835 diaeta

91 1872 125 1928 et
148 1868 237 1925 locus
260 1868 291 1925 et
313 1867 431 1942 tempus
455 1883 569 1924 necnon
593 1865 773 1942 quandoque
795 1863 924 1922 recludit

91 1960 176 2016 hane
201 1956 332 2015 vomitus
355 1972 486 2014 causam.
523 1956 549 2014 si
573 1973 664 2013 causa
688 1954 728 2014 sit
751 1953 881 2029 amplior
903 1972 987 2012 escae

92 2049 152 2107 aut
177 2046 267 2120 potus
291 2062 377 2118 usus,
400 2043 524 2103 fastidia
547 2045 682 2118 consule,
705 2045 808 2102 ructus

46 2156 73 2195 eo
92 2139 152 2196 aut
176 2133 316 2193 habitum
339 2135 465 2208 ventris,
489 2137 543 2192 aut
564 2133 710 2192 indicium
732 2133 885 2209 patientis.

170 2221 337 2301 Frigiditas
361 2224 510 2282 stomachi
533 2222 659 2299 simplex
684 2222 864 2299 quandoque
887 2220 1079 2280 bolismum

90 2311 244 2392 parturit,
268 2315 322 2371 aut
344 2311 452 2372 humor
475 2313 577 2390 algens
602 2314 656 2371 aut
679 2313 826 2371 caumatis
850 2311 939 2370 ardor

89 2405 229 2463 insertus
252 2400 402 2461 membris.
440 2403 466 2460 si
489 2402 616 2477 simplex
640 2401 733 2460 efficit
756 2401 855 2478 algor,

91 2493 242 2552 deficiunt
264 2493 367 2550 ructus
391 2509 445 2549 nec
468 2492 581 2550 ventris
606 2490 712 2550 defluit
734 2492 842 2550 humor

46 2601 73 2642 oe·
91 2580 209 2642 officio.
245 2582 273 2640 si
295 2580 419 2656 chymus
445 2579 542 2655 adest,
565 2598 620 2655 pro
643 2579 771 2638 testibus
796 2581 902 2639 assunt

90 2675 202 2733 ructus
225 2674 375 2744 saetosus,
398 2671 523 2745 portans
546 2670 660 2746 egestio
683 2671 793 2727 mixtos

174 2860 243 2911 1030
262 2855 394 2910 vescendi
413 2858 441 2911 b:
461 2857 590 2912 farcendi
609 2875 636 2912 m

173 2933 249 2982 1033
261 2929 337 2983 11101.
353 2928 395 2981 De
410 2927 552 2998 singultus
567 2929 660 2982 causis
678 2930 707 2980 et
725 2926 815 2997 signis
830 2929 859 2980 et
877 2923 1024 2994 speciebus
1039 2925 1064 2990 b,
1083 2923 1125 2976 De

93 2999 275 3071 singultum
296 3002 299 3069 1
321 2999 462 3069 singultus
482 3001 510 3054 b:
531 3001 659 3070 signatus
678 2997 737 3070 11111
761 3003 830 3052 1035
851 3005 885 3050 ou
905 2998 932 3052 b:
957 3002 972 3049 e
997 2997 1051 3065 (est
1072 3012 1125 3063 pro

92 3067 1126 3145 5)1111111111010;11111111111111110301501110155011111111031551119

92 3149 126 3202 b:
155 3143 248 3198 cordis
270 3160 298 3198 m
318 3145 323 3210 1
343 3144 470 3196 macerat
494 3160 534 3199 m:
557 3141 690 3214 -150011
715 3146 783 3195 1038
808 3140 891 3195 reicit
914 3157 953 3195 m:
977 3138 1061 3192 inicit
1082 3138 1098 3191 b
1117 3137 1127 3208 11

96 3221 173 3272 1040
192 3214 304 3268 minuiit
323 3215 351 3269 b:
371 3212 476 3268 minuit
491 3233 519 3269 m
535 3214 546 3287 11
564 3219 634 3268 1042
653 3213 773 3267 nuncius
787 3231 827 3268 m:
847 3211 943 3265 nucoi⁹
958 3214 1000 3279 (ut
1012 3211 1126 3278 semper)

95 3292 112 3345 b
142 3287 153 3359 11
179 3291 250 3340 1044
267 3285 370 3356 phibet
388 3287 416 3339 b:
440 3285 577 3356 phibente
595 3304 623 3343 m
642 3288 647 3354 1
668 3285 780 3338 (ἰθΐοῑῖη
800 3302 839 3338 m:
865 3282 996 3336 defcusb
1020 3280 1030 3353 11
1056 3286 1125 3335 1040

95 3357 224 3415 osstr‘rdit
243 3358 302 3426 (sic)
322 3375 349 3412 m
362 3357 364 3428 1
377 3357 493 3411 habitus
511 3376 550 3412 m:
569 3357 666 3412 hiatus
685 3358 701 3411 b
720 3356 729 3428 11
749 3361 818 3409 1049
833 3356 929 3408 ructus
944 3355 972 3407 b:
992 3355 1086 3407 motus
1101 3370 1127 3407 m

176 3433 244 3484 1051
267 3429 344 3484 rubr.
368 3427 486 3483 Bolismi
512 3428 604 3483 causis
631 3431 660 3482 et
685 3427 774 3498 signis
800 3428 830 3481 et
855 3422 1003 3494 speciebus
1030 3425 1059 3491 b,
1085 3422 1127 3476 De

94 3501 223 3558 belismo
247 3518 274 3556 m
297 3501 343 3569 (cf.
362 3517 449 3569 supra
472 3500 511 3554 ad
533 3517 557 3555 a.
575 3503 638 3568 191)
659 3503 664 3566 1
684 3499 765 3554 Pisas
790 3500 805 3553 b
828 3497 838 3570 11
862 3501 930 3550 1052
955 3498 1005 3550 aut
1027 3497 1127 3550 humor

96 3575 201 3643 algens
219 3590 258 3627 m:
279 3574 329 3625 aut
347 3571 445 3641 algens
463 3571 565 3626 humor
583 3572 599 3625 b
621 3571 631 3643 11
655 3576 725 3625 1054
743 3570 827 3642 pfluit
847 3570 862 3624 b
