2422 3998
136 175 179 241 60
589 174 705 231 namn

135 327 275 399 naturas,
298 343 353 384 noo
375 325 467 385 habet
489 326 648 386 mediatrix
671 327 738 387 iura
761 328 913 402 voluntas,

65 431 118 471 uro
137 432 230 490 quam
251 414 299 473 lox
321 414 455 474 instituit
477 417 513 474 ut
536 415 625 476 certis
648 415 745 493 possit
766 415 799 474 in
821 413 903 476 horis

137 503 273 563 detentas
297 501 355 563 sibi
378 522 446 564 cum
468 505 588 581 placeat
610 505 766 565 demittere
789 505 899 580 faeces,

137 592 189 652 ssd
211 592 275 651 sinc
299 595 404 670 sponte
428 612 483 654 sua
505 593 650 669 patientis
674 614 762 654 crura
784 594 961 654 madescunt

136 681 264 742 fluxibus
288 682 401 742 urinae.
438 701 529 742 oause
552 682 728 760 producitur
750 683 810 744 ista

136 769 237 847 passio
260 771 434 848 multiplici,
459 772 573 833 colerae
597 792 665 832 oum
687 771 798 851 pungit
821 791 945 832 acumen

66 876 118 916 144⁶
137 860 268 920 vesicam
292 879 400 940 cogens
423 861 556 922 violento
581 861 747 936 (reddere)
770 860 855 921 fluxu

138 948 288 1028 quidquid
309 950 401 1009 habet
423 951 528 1026 fascis,
551 951 600 1011 vel
623 950 744 1012 vincula
766 950 875 1029 flegma
897 951 1015 1010 relaxat

137 1039 254 1100 vesicae
278 1058 355 1115 quae
379 1038 503 1100 mollitis
526 1043 670 1118 oouoepte
692 1039 813 1100 lacertis

139 1146 314 1189 conservare
336 1129 454 1205 nequit,
477 1129 526 1189 vel
548 1129 725 1207 frigiditatis
749 1148 875 1188 acumen

138 1218 299 1277 mortificat
321 1218 400 1278 vires
423 1220 558 1278 naturae.
605 1217 698 1297 Signa
721 1218 848 1278 furentis

68 1322 120 1362 uso
139 1310 210 1366 sunt
233 1307 347 1366 colerae
370 1310 519 1384 punctura
542 1308 681 1386 frequens
706 1327 782 1383 quae
805 1305 900 1366 laedit
921 1306 954 1364 in
978 1325 1029 1366 ore

139 1396 255 1456 vesicae
279 1395 416 1471 mordax,
440 1397 544 1456 effusio
568 1398 665 1457 tincta
688 1397 788 1460 colore,

139 1486 249 1562 ignito,
272 1488 392 1562 tempus
417 1487 579 1561 aestivum,
604 1487 731 1564 pectinis
755 1486 856 1560 ardor,

141 1578 223 1634 aetas
247 1576 393 1650 extrema,
417 1575 595 1653 complexio,
618 1576 751 1650 mansio,
774 1574 847 1635 vite.

140 1663 289 1742 flegmatis
311 1662 477 1724 humiditas
501 1664 548 1723 his
571 1664 607 1723 fit
629 1663 688 1724 tibi
710 1667 797 1739 nota,
820 1664 945 1723 remissa

70 1766 122 1806 1455
140 1753 230 1812 urina
252 1752 371 1831 pingui,
395 1754 492 1828 senio,
516 1754 645 1830 pallore,
670 1753 782 1829 diaeta,

141 1841 171 1901 vi
195 1842 380 1917 complexiva
402 1843 451 1902 vel
473 1843 539 1922 lege
562 1843 630 1904 loci.
654 1842 724 1904 ⁴tibi
747 1841 841 1922 signis

141 1931 231 1991 noxia
254 1931 405 2009 frigiditas
430 1932 580 2010 descripta
604 1935 725 1993 notetur
749 1931 872 2005 eisdem,

142 2023 198 2080 aut
219 2020 327 2080 habitu
349 2020 434 2081 tenui
456 2023 562 2097 vestis,
587 2024 640 2082 aut
663 2021 731 2082 sede
754 2019 905 2096 frequenti

142 2110 237 2169 electa
260 2109 388 2188 frigente
411 2111 491 2187 looo,
515 2130 581 2171 oum
606 2111 763 2170 marmoris
788 2110 872 2188 algor

72 2213 124 2253 isso
143 2198 366 2275 consimilisque
388 2201 432 2259 rei
456 2199 610 2260 subitanee
632 2199 767 2260 membra
790 2198 920 2258 sedentis

142 2289 312 2348 mortificat.
350 2288 427 2348 solet
449 2290 505 2348 hoc
528 2289 649 2368 signum
671 2287 833 2348 metuenda
855 2286 977 2361 minari,

141 2376 239 2436 imber
261 2377 420 2436 continuus
444 2395 511 2437 oum
535 2380 647 2438 cretica
671 2375 811 2455 provenit
832 2378 915 2436 hora.

214 2466 367 2526 Emensus
392 2484 506 2526 comes
530 2465 659 2527 urinas
683 2467 719 2527 de
741 2465 881 2543 pluribus
899 2466 961 2524 exit

144 2556 322 2632 eliciturque
345 2554 419 2616 locis
443 2557 603 2635 sanguis.
640 2575 711 2616 nam
733 2554 835 2614 fundit
857 2553 983 2614 eundem

74 2655 125 2696 146⁶
144 2645 192 2704 vel
215 2664 267 2704 ron
290 2645 339 2704 vel
361 2644 494 2721 lumbus,
518 2664 603 2724 epar,
627 2647 682 2706 aut
703 2645 774 2705 kilis
799 2648 853 2703 aut
875 2642 1019 2721 patientis

144 2735 270 2794 vulnera
293 2733 418 2794 vesicae.
455 2753 536 2795 nunc
558 2755 652 2795 venae
675 2735 798 2795 vulnere
821 2732 935 2810 prodit,

144 2864 328 2874 -----——-.
339 2866 359 2872 --

145 2976 305 3044 Soranum).
344 2975 471 3046 [uicimr
494 2975 621 3031 dicmncs
641 2974 722 3045 quasi
741 2975 861 3029 duorum
879 2974 1012 3028 damnum
1030 2991 1051 3027 s.
1070 2989 1174 3029 renum

146 3050 175 3102 et
197 3046 303 3102 vesice’
322 3049 363 3102 Io.
384 3048 467 3118 Acyl.
489 3049 522 3103 s'a
545 3049 622 3104 Rosa
647 3047 716 3101 med.
741 3047 760 3100 f.
777 3045 857 3100 sebe
881 3045 924 3101 ed.
942 3045 1033 3116 Lngd.
1054 3050 1124 3100 1502
1163 3047 1176 3132 l]

148 3124 218 3173 1440
232 3134 330 3187 quam:
350 3120 459 3189 q(qne)
475 3119 491 3174 b
508 3118 519 3192 tl
537 3124 608 3172 1445
623 3117 741 3173 reddere
759 3119 810 3186 (ael
827 3117 951 3186 mittere)
970 3118 1029 3186 ipsc

148 3190 281 3259 (violento
306 3188 384 3243 fluxu
407 3190 433 3258 b)
455 3190 465 3262 tl
490 3195 558 3245 1447
577 3189 686 3244 molitis
710 3190 809 3259 otepta
832 3189 946 3244 secretis
966 3189 990 3243 b.
1027 3188 1062 3254 of.
1078 3189 1121 3244 Io.
1141 3189 1176 3244 fit

148 3263 243 3316 autem
271 3277 307 3316 ex
332 3260 457 3316 mollicie
485 3259 656 3317 lacertorum
686 3260 923 3315 circumdantium
951 3258 1055 3314 collum
1078 3261 1177 3315 vesice

147 3338 185 3393 (--
198 3331 373 3388 relaxatione
391 3332 561 3388 lacertorum
579 3333 610 3386 in
631 3332 705 3387 collo
724 3352 749 3387 v.
764 3333 849 3401 Pzat.)
872 3332 883 3403 tl
906 3336 975 3386 1456
993 3330 1111 3401 pinguis
1131 3333 1148 3387 b
1165 3334 1178 3405 ΙΙ

149 3409 217 3458 1462
236 3404 318 3459 inbre
336 3404 472 3459 continua
490 3405 507 3459 b

220 3481 290 3530 1463
308 3477 384 3532 mm.
405 3474 581 3546 sanguineus
604 3476 728 3530 minotus
752 3475 882 3544 signatur
901 3474 932 3528 in
950 3474 1006 3528 hiis
1025 3473 1178 3543 speciebus

148 3544 191 3618 bt!
211 3551 280 3601 1465
299 3546 366 3602 kilis
386 3548 422 3613 cs.
442 3547 587 3602 11111746
