2416 4004
490 210 659 275 VIATICUS

65 372 158 431 huius
182 373 266 450 origo
289 374 375 448 mali,
400 373 471 431 dum
495 373 625 449 quodam
647 375 711 432 iure
734 373 825 432 locali

66 460 252 538 compatitur
274 462 332 521 sibi
355 464 503 540 contiguis
528 464 698 521 communia
721 461 852 538 dampna
891 502 892 505 ,

66 549 199 610 efficiens
222 551 339 627 pulmo,
363 551 510 611 stomachi
533 551 742 628 disfragmatis
767 552 850 628 aegri

10 663 45 704 us
65 639 180 715 splenis
202 640 251 699 vei
273 641 379 700 iecoris
403 641 523 700 offensa.
560 643 658 700 laesus
680 642 712 700 in
734 640 800 718 ipsc

66 746 127 787 non
151 729 272 788 aliunde
295 731 416 790 trahens
439 731 514 789 haec
536 730 638 790 taedia
661 730 779 807 saepius
804 733 873 789 ortu

65 818 200 877 molitur.
238 821 308 877 sunt
330 821 418 896 signa
440 823 542 879 tamen
565 819 652 879 dolor
674 819 785 879 abdita*
800 823 944 894 torquens

65 907 209 982 pectoris,
233 908 361 968 offensus
385 927 525 984 pressura
547 910 685 985 spiritus,
710 910 770 969 alte

65 995 248 1074 subportans
271 999 409 1074 spatulas
432 999 567 1075 gravitas
591 998 776 1074 spiraminis,
800 999 859 1058 oris

10 1108 47 1149 sse
65 1085 200 1145 sintetici
222 1088 345 1162 macies,
368 1089 471 1146 tenues
496 1088 661 1147 contractio
683 1107 772 1146 nares
857 1094 864 1104 “

65 1194 226 1249 exacuens,
248 1176 333 1234 fandi
356 1176 445 1236 nimis
469 1175 644 1236 abbreviata
666 1177 810 1251 facultas,

64 1265 229 1324 tussiculae
253 1267 401 1344 gravitas,
424 1267 511 1326 velox
533 1267 680 1326 instantia
702 1268 821 1343 pulsuS,
848 1307 849 1310 ,

64 1356 265 1431 augmentans
289 1374 397 1431 penam
419 1357 532 1430 motus,
556 1355 709 1433 geminata
732 1358 858 1416 iacentis

63 1444 167 1519 passio
191 1444 352 1521 praecipue
375 1446 402 1504 si
424 1445 566 1505 membra
581 1445 690 1522 supina
711 1446 853 1504 reflectat.

10 1551 199 1596 noanneane
224 1551 331 1593 causae
353 1532 502 1594 breviores
527 1534 619 1593 efficit
642 1536 726 1612 algor

65 1624 96 1680 et
118 1640 203 1682 raros
226 1622 330 1699 flatus,
353 1625 531 1701 augmentat
553 1625 700 1683 caumatis
724 1625 820 1683 ardor.

63 1711 169 1770 Efficit
192 1713 352 1771 asmaticos
376 1733 412 1771 ex
435 1713 526 1772 crudo
549 1713 692 1792 flegmate
715 1716 834 1789 tempus

62 1800 201 1876 brumae,
225 1802 370 1861 femineus
394 1820 493 1878 sexus,
506 1803 634 1861 defecta
657 1805 805 1876 senectus,

63 1908 187 1949 concors
210 1891 287 1965 rita,
311 1892 394 1950 locus
417 1890 538 1967 similis,
561 1893 633 1970 gula
655 1893 756 1950 nescia
778 1891 867 1948 finem

10 1999 46 2040 rso
62 1980 233 2055 inposuisse
257 1980 345 2054 cibis,
368 1999 474 2040 manus
498 1982 596 2041 audax
619 1981 728 2039 intima
750 1984 847 2039 terrae
889 2050 892 2055 Ι

63 2068 194 2128 scrutari
217 2068 290 2128 rude
313 2069 387 2128 dnm
409 2069 487 2129 fodit
510 2070 668 2145 educitque
691 2069 862 2142 metallum,

62 2157 353 2252 bffdalaobntm
376 2159 515 2218 infantia.
553 2159 579 2219 si
602 2179 676 2234 puer
698 2159 789 2217 huius

62 2292 192 2359 brorum,
216 2293 358 2347 interdum
382 2310 417 2347 ex
439 2293 607 2364 colligentia
630 2293 763 2361 aliorum,
786 2295 818 2346 ut
838 2292 977 2352 stomachi
996 2296 1086 2362 spatis

62 2363 171 2432 splenis
195 2366 281 2433 atque
307 2365 447 2432 matricis,
473 2367 501 2418 et
525 2366 549 2419 ei
573 2365 688 2433 quidem
712 2365 749 2419 sit
737 2363 915 2418 tanhelitns
938 2364 967 2420 et
991 2365 1086 2420 dolore

61 2434 254 2489 membrorum
278 2436 448 2504 vicinorum,
476 2436 574 2505 pulsus
601 2453 705 2505 parvus
734 2435 787 2490 erit
815 2438 843 2489 et
872 2436 977 2504 spissus
1003 2444 1050 2492 etc.
1078 2439 1087 2510 l?

62 2511 117 2560 879
142 2507 177 2559 b9
197 2524 236 2561 m:
263 2507 300 2560 hc
326 2509 341 2561 9
364 2508 399 2576 )“
391 2513 600 2561 marathos
625 2510 666 2577 (ia
688 2524 773 2577 morp
798 2506 831 2560 ai
855 2511 927 2575 iure)
954 2509 970 2562 9
997 2509 1007 2580 l!
1035 2515 1086 2563 899

62 2577 182 2646 opacius
199 2596 238 2632 m:
263 2580 301 2632 du
322 2578 417 2647 petits
436 2581 450 2633 b
472 2581 476 2646 Ι
498 2580 648 2649 contiguus
669 2580 684 2633 9
707 2581 716 2650 ll
739 2584 792 2632 896
812 2580 922 2632 ortub:
947 2581 1010 2632 ortu
1029 2599 1056 2636 m
1078 2582 1088 2652 ξ)

62 2663 790 2756 8‘1‘1mollitsslt’sigb20m.m(olbumsoced.)
814 2685 824 2757 ll
846 2690 898 2739 899
918 2685 1086 2754 subportans

61 2773 102 2810 m:
122 2758 293 2825 supportans
308 2758 323 2811 9
345 2759 348 2829 Ι
370 2757 497 2825 spatulas
512 2759 651 2827 gravitas:
671 2758 795 2826 gravitas
813 2756 929 2825 spatl’ss
944 2759 1086 2826 (scapulas

60 2844 89 2881 m
112 2843 148 2882 aa
169 2829 260 2896 ipsias
282 2830 387 2884 scribae
410 2836 442 2883 at
462 2834 531 2898 puto
554 2847 633 2895 corr,
658 2830 693 2896 cs.
712 2847 737 2883 o.
752 2831 815 2897 855)
840 2829 891 2883 tm.
930 2830 975 2897 (cf.
995 2829 1085 2885 cona.

59 2902 135 2965 3,11
154 2915 219 2952 cum
237 2899 364 2953 infirmus
384 2899 534 2954 anhelosus
553 2901 645 2954 totum
666 2917 766 2968 corpus
788 2916 878 2967 usque
903 2900 939 2954 ad
959 2901 1085 2969 spatulas

61 2971 92 3023 ot
110 2985 129 3023 a
148 2969 269 3039 spatulis
287 2987 377 3039 nsque
397 2971 434 3024 ad
453 2971 564 3026 cubitos
583 2974 694 3026 moveat
709 3013 715 3025 .
728 3014 733 3025 .
746 3013 751 3025 .
766 2973 840 3026 erade
858 2973 912 3040 Io.)
930 2972 940 3043 1)
958 2977 1011 3026 880
1030 2973 1086 3025 sin-

59 3040 145 3095 tetioi
159 3043 184 3107 b,
199 3041 346 3096 sinthctici
358 3061 385 3096 ιιι
398 3047 421 3111 (c
435 3059 510 3098 corso.
522 3045 593 3113 999).
622 3043 790 3097 sintbeticns
805 3044 972 3097 extenuatus
981 3043 1085 3098 Simon.

59 3129 82 3167 s.
98 3112 233 3167 sintbesis
246 3129 302 3182 pro
321 3115 493 3184 syntecticus
507 3140 534 3160 =
548 3110 730 3183 συντηκτικός
746 3116 749 3181 )
767 3115 922 3169 contractio
994 3131 1028 3169 ecc
1044 3118 1084 3170 Io.

60 3190 87 3239 ct
106 3184 199 3240 Cenat.
219 3186 262 3254 (de
279 3187 366 3240 mocio
384 3186 419 3251 cf.
432 3186 499 3240 Plat
488 3188 517 3253 9)
536 3186 546 3257 ll
567 3191 617 3240 88‘1
637 3187 712 3241 rubr
732 3186 774 3239 De
793 3186 885 3240 causis
904 3186 1086 3242 aemathiam

60 3258 125 3324 (ons.
144 3256 170 3323 9)
191 3259 196 3324 Ι
216 3255 314 3310 Affioit
338 3275 365 3311 m
387 3256 397 3327 Ι)
415 3261 468 3310 899
490 3259 564 3312 bunc
585 3274 693 3312 versam
711 3259 798 3326 plane
816 3275 866 3312 om.
888 3259 927 3326 91
949 3255 1009 3310 clb9
1027 3270 1082 3317 m;

58 3345 149 3398 terre.
165 3333 211 3399 ete
225 3348 326 3415 (curre)
341 3365 368 3401 m
316 3344 394 3416 )))
412 3351 462 3399 891
480 3345 592 3400 dumb:
612 3364 662 3402 om.
679 3365 705 3401 m
721 3350 726 3416 Ι
743 3345 946 3415 educitqnem:
963 3320 1085 3414 edatque

59 3415 156 3483 999.
170 3417 213 3472 Io
228 3417 350 3487 contigit
365 3416 483 3470 autem
474 3434 505 3469 m
523 3433 603 3485 yeme
622 3419 744 3473 maxime
763 3419 818 3473 et
809 3437 841 3471 ιιι
860 3416 973 3470 senibus
993 3419 1021 3472 et
1039 3419 1084 3472 his

59 3487 112 3557 qui
131 3487 276 3542 metallica
295 3490 449 3558 operantur
467 3492 514 3556 (ac
534 3488 636 3544 Galesi
651 3507 725 3559 poss
745 3492 764 3544 ι’
783 3508 804 3544 c
819 3490 935 3544 Aurelio
954 3506 998 3558 ap
1017 3490 1084 3545 Gar.

57 3597 152 3664 2,13)
171 3593 406 3667 ll8921aotantis
426 3596 441 3650 b
461 3602 486 3650 et
505 3597 609 3664 (cat'c
596 3613 648 3665 eps.
664 3600 743 3665 corr.)
763 3615 789 3651 m
810 3573 964 3667 (lactantis)
