2422 3998
508 217 677 272 VlA'lIOUS

72 369 188 430 alliat
215 375 248 426 et
271 368 351 427 velat
373 367 493 444 vitium,
515 367 694 446 redimitque
717 374 834 429 reatum

70 461 88 520 5
116 458 262 534 culpam
285 456 357 516 dum
379 459 519 534 srucepta
540 457 691 518 mendicat
714 459 752 519 ab
776 479 844 520 esca

71 565 191 608 mnus
221 546 424 606 aromaticum
462 547 542 624 quod
566 547 638 606 dnm
660 547 774 608 ieiunia
793 554 894 609 servat

71 635 207 698 mittit.
247 635 349 712 pulmo
371 635 462 695 flatus
484 635 665 713 quandoque
687 638 823 698 recondit

71 745 202 801 xosos,
229 743 319 800 quem
341 727 516 802 corruptum
539 724 709 786 substantie
730 728 828 804 putris

71 815 179 877 addit
206 815 387 874 continuans
410 812 478 874 fedo
502 813 664 891 spiramine
687 816 786 877 fumos

71 905 207 967 mribus
234 921 349 978 exosos,
372 922 427 963 nec
450 906 570 980 sumpta
592 904 725 964 remedia
747 909 883 982 praestat

71 1015 153 1058 sca.
197 995 305 1051 notam
326 991 397 1052 fidei
419 994 550 1053 thoracis
574 994 662 1053 laeva
685 995 787 1054 dolore

71 1103 145 1146 »ars
174 1100 324 1159 oppressa
346 1081 437 1142 dabit
475 1100 596 1142 causam
619 1083 723 1143 fetoris
746 1084 889 1144 habentes

71 1173 227 1253 gingivas
251 1170 364 1249 digitus
386 1170 475 1230 iudex
498 1173 651 1231 examinat
674 1173 720 1232 ori

71 1263 243 1336 amissus,
267 1260 367 1337 quisi
390 1260 496 1320 fetoris
519 1263 606 1339 signa
628 1264 765 1338 reportat

71 1351 212 1414 caribus
236 1344 411 1427 applicitus,
434 1350 497 1409 illic
520 1350 641 1410 latitare
665 1351 780 1411 fatehrr

72 1440 247 1503 nuteriam
271 1440 395 1515 visuque
418 1440 519 1515 potest
540 1458 588 1499 res
611 1458 683 1500 vcra
705 1441 812 1500 notari.

150 1527 317 1588 Naribus
341 1547 531 1605 erumpens
554 1531 703 1607 sanguis
728 1529 908 1607 quandoque
934 1532 1041 1591 salutis

72 1619 212 1680 ruritius
235 1619 294 1693 est,
317 1636 384 1677 cum
406 1620 532 1677 naturae
555 1618 674 1678 devicta
695 1638 853 1697 resurgens

72 1711 181 1771 rirtus
208 1708 240 1765 in
263 1706 366 1766 morbo
389 1725 482 1767 causa
503 1708 652 1767 subeunte
673 1709 856 1785 triumphat,

72 1799 197 1858 ultima
221 1815 288 1855 cum
311 1795 448 1855 morbum
472 1796 555 1856 crisis
580 1797 728 1857 sententia
752 1799 904 1875 dampnat.

72 1907 173 1964 saepe
198 1884 273 1944 mali
295 1886 396 1963 gestat
418 1884 540 1945 titulum
565 1886 788 1963 dampnumque
811 1888 944 1946 minatur

72 1979 223 2038 naturae.
260 1993 331 2033 nam
354 1973 455 2034 fundit
477 1994 545 2035 eum
568 1995 647 2035 nunc
670 1994 740 2036 vase
763 1976 877 2052 repleto

72 2065 173 2143 copia
197 2063 367 2139 luxurians,
391 2083 459 2122 cum
481 2064 562 2124 victa
585 2066 760 2143 gravamine
783 2065 880 2125 multo

73 2155 152 2214 iura
174 2152 342 2213 retentivac
365 2153 488 2213 virtutis
512 2152 613 2213 debita
636 2153 766 2230 perdunt

81 2242 189 2302 officii.
225 2243 298 2302 tuuc
320 2242 516 2318 plectoricum
538 2242 594 2302 tibi
616 2244 719 2302 lucida
742 2262 850 2321 corpus

84 2333 175 2408 signa
200 2330 297 2406 dabit,
320 2350 398 2407 quae
421 2332 578 2392 confirmat
601 2334 766 2410 complexio
790 2334 855 2410 lege

161 2542 211 2590 571
230 2536 327 2607 putrix
345 2539 389 2592 md
412 2537 422 2610 11
445 2543 496 2591 572
516 2539 574 2592 fcto
596 2556 623 2592 m
645 2539 654 2610 11
678 2544 730 2592 576
754 2540 787 2593 dc
810 2539 896 2609 dipito
919 2541 1040 2593 imucisso
1064 2543 1111 2607 (ecc

99 2605 182 2687 Opust.
195 2609 260 2664 ciat.
271 2610 315 2676 11,
323 2612 373 2676 24)
387 2610 508 2664 Ioannes
521 2611 564 2675 11,
577 2615 613 2665 18
627 2613 696 2677 (nou
709 2611 811 2676 Plat.):
826 2609 856 2663 Si
871 2610 956 2678 digiti
969 2609 1065 2664 fricati
1080 2611 1110 2664 in

103 2679 212 2747 rugiae
230 2680 321 2734 fetent
340 2680 376 2735 de
393 2680 463 2735 vitio
482 2681 526 2735 est
545 2680 698 2750 (sinthoma
717 2683 760 2735 est
776 2681 912 2748 Damnat.)
931 2680 1110 2750 gingivarum

104 2746 141 2800 vel
156 2749 288 2805 dentium.
320 2750 411 2805 Aliter
428 2753 514 2821 putor
532 2752 586 2806 crit
605 2752 640 2806 dc
658 2753 727 2806 vitio
747 2752 894 2807 stomachi.
928 2753 1111 2821 5555558155

108 2815 195 2890 055.)
219 2823 431 2878 haetheum
457 2825 489 2877 cn
512 2825 640 2892 maereo
668 2825 709 2892 (o.
732 2823 760 2879 8.
781 2825 825 2891 11,
848 2828 899 2878 174
920 2849 947 2868 =
968 2824 1023 2891 11⁷,
1044 2828 1109 2892 aar)

110 2894 268 2958 amaeam
282 2911 317 2948 cx
331 2894 440 2948 fricatis
454 2910 541 2963 supra
555 2895 653 2964 digitis
673 2897 702 2948 et
721 2894 824 2949 deinde
843 2894 959 2949 naribus
978 2895 1109 2960 admotis,

112 2959 193 3024 quibu„
215 2964 371 3021 fetentibus
390 2981 424 3020 ex
447 2966 570 3036 gingivis
591 2968 703 3020 constat
722 2982 782 3020 csse
801 2965 928 3020 fetorem.
966 2968 1059 3036 itaque
1077 2983 1110 3020 ea

113 3045 190 3107 Barth.
209 3055 332 3126 Epidius
349 3053 359 3126 11
378 3059 430 3110 578
449 3054 610 3124 applicatus
629 3053 753 3127 5511579
773 3055 834 3109 visu
851 3042 886 3123 pt
905 3070 950 3108 res
968 3055 1020 3108 illa
1039 3057 1054 3109 5

166 3129 214 3180 580
231 3127 307 3182 mbr.
328 3125 370 3180 Dc
393 3126 540 3196 sanguinis
563 3127 675 3180 narium
698 3126 789 3180 fluxus
812 3126 902 3195 signis
925 3128 954 3180 ct
973 3126 1066 3180 causis
1085 3127 1109 3193 b,

113 3183 144 3243 De
157 3192 226 3252 fluxu
249 3198 395 3267 sanguinis
420 3214 435 3252 e
459 3214 575 3251 nameus
598 3216 625 3253 m
644 3200 689 3265 (ia
711 3215 764 3266 quo
787 3199 871 3251 tuitio
894 3215 1021 3253 cerarum
1039 3214 1109 3266 seqq.

112 3268 230 3325 asama
251 3270 407 3337 latescunt).
449 3269 592 3323 interdum
615 3271 643 3322 vi
666 3271 766 3322 nature
840 3268 973 3321 salutaris
997 3275 1044 3322 etc.
1069 3270 1109 3323 Io.

112 3365 148 3450 ll,
161 3378 191 3429 15
209 3378 214 3447 1
234 3383 354 3445 crsrpcns
373 3394 411 3431 m:
432 3376 570 3445 eruptisb
593 3376 604 3448 11
626 3382 677 3430 581
698 3377 800 3429 natura
820 3377 835 3429 5
855 3353 923 3446 (511
941 3380 992 3428 582
1012 3376 1110 3429 morbo

112 3453 137 3492 ⁰8
152 3442 175 3498 b:
192 3446 283 3502 morbi
303 3453 384 3502 ca'um
403 3466 430 3503 m
452 3447 463 3520 11
485 3452 537 3500 585
557 3463 634 3501 eum:
654 3465 704 3502 oen.
724 3465 751 3502 m
768 3453 771 3517 1
788 3454 823 3502 ιῑο
844 3448 938 3516 (nunc)
957 3464 982 3501 v.
1001 3445 1111 3516 repleto

110 3525 140 3565 m:
155 3520 187 3570 uo
203 3537 228 3573 v.
246 3535 374 3588 represso
393 3518 506 3591 511588
527 3525 561 3573 cfr
580 3520 658 3573 uicta
677 3526 824 3588 grauamic
843 3517 932 3572 multo
952 3535 990 3572 m:
1016 3518 1111 3582 officia

110 3581 262 3660 (coniuncta)
282 3591 434 3660 gravedine
453 3589 543 3644 multo
563 3593 622 3660 (sic)
642 3592 657 3645 5
