2422 3998
497 223 664 279 VIATIGUS

82 384 174 432 mus.
207 374 244 433 ad
267 376 340 434 haec
364 376 451 452 signe
473 375 530 433 tibi
553 376 594 434 sit
615 375 760 435 habitudo
784 377 910 436 diaetae.

89 455 207 522 lccusat
229 463 357 523 coleram
380 463 518 524 mordens
541 483 735 542 pungensque
759 466 870 525 doloris

93 552 193 629 scorpio
214 554 372 630 puncturis
395 571 502 612 aeuum
525 555 675 614 tormenta
697 554 830 632 figurans

98 640 142 696 eut
160 641 263 702 calidos
288 642 408 703 cineres.
444 643 496 702 fax
518 642 607 721 ignea
630 646 799 703 concremat
821 644 920 720 orbes,

100 722 161 788 sicce
179 731 241 791 lues
265 732 368 792 oculos
392 731 527 808 obducit,
550 751 652 792 macra
674 733 772 811 rigore

103 815 219 893 palpebra
242 822 444 897 contrahitur,
467 840 552 881 cerae
576 823 657 881 color
680 824 814 882 aemulus
837 823 904 882 oris.

104 908 194 970 suvia
215 909 349 988 insurgit
370 912 485 970 colerae
509 911 593 970 dolor
616 915 722 971 auctus
745 911 777 970 in
799 913 889 971 horis.

104 991 183 1069 puers
204 1000 322 1058 urinam
346 1002 466 1059 tenuem
489 1000 583 1079 tingit
605 1001 698 1075 color,
723 1019 805 1060 escas

104 1099 181 1147 exosas
203 1089 297 1148 fallax
319 1089 416 1148 reddit
440 1108 541 1166 sapor,
560 1091 750 1166 inpetuosum

104 1173 207 1236 velocem
230 1177 364 1238 crebrum
389 1179 497 1238 durum
520 1179 573 1238 dat
593 1178 688 1239 motio
711 1180 833 1255 pulsum

104 1265 212 1326 ausae.
250 1268 366 1327 confert
387 1267 510 1328 habitus
533 1268 705 1347 speciesque
728 1269 851 1328 diaetae.

105 1347 207 1429 luridus
229 1358 365 1416 exarmat
388 1376 438 1417 aer
461 1357 634 1434 calidusque
659 1357 775 1419 delores

104 1436 198 1521 nuuc,
221 1446 369 1523 oppositis
391 1449 519 1523 pereunt
541 1446 692 1506 contraria
714 1449 822 1507 causis.

103 1527 220 1594 tertiari
243 1535 358 1596 colerae
381 1536 432 1594 lux
455 1538 501 1596 est
523 1538 639 1596 exactio
662 1555 763 1614 penae.

56 1676 58 1691 .
103 1615 241 1698 denaus
265 1623 423 1700 imperium
447 1628 597 1686 monstrat
618 1626 701 1686 mitis
724 1626 818 1701 calor,
842 1626 900 1685 oris

56 1717 58 1761 ἓ
103 1707 189 1788 pellor,
211 1714 366 1775 nocturnis
390 1715 514 1775 afflictio
537 1716 635 1775 maior
658 1715 806 1789 iuberis,

56 1836 136 1944 en

103 1801 296 1878 spumidum,
319 1803 421 1881 lippus
445 1805 539 1863 oculis
563 1804 671 1864 fluuius
694 1804 899 1878 lacrimarum,

119 1884 207 1950 'color
229 1895 260 1951 et
283 1893 403 1971 pinguis
427 1894 545 1969 effusio,
569 1894 674 1972 lingua
697 1895 812 1970 saporis

102 1979 191 2056 noue,
213 1982 359 2042 femineus
382 1983 495 2059 pulsus.
532 1983 685 2060 fomesque
708 1982 818 2042 doloris

104 2062 179 2145 algor,
201 2088 271 2147 pars
295 2073 379 2146 anni,
404 2072 509 2148 cresis,
532 2072 629 2148 loeus,
653 2091 724 2132 usus
748 2071 863 2130 edendi.

105 2147 128 2208 Si
145 2159 221 2237 niger
243 2162 290 2220 est
311 2161 418 2220 humor
441 2163 571 2236 occasio,
594 2181 672 2238 pena
695 2161 805 2221 doloris

101 2246 197 2312 parcior
219 2252 278 2323 est,
301 2249 375 2310 livet
396 2251 488 2310 facies
511 2252 619 2329 ignara
641 2252 777 2311 tumoris.

102 2333 170 2393 noxie
191 2358 247 2399 vox
270 2339 301 2397 in
325 2339 485 2416 principio,
509 2340 625 2400 viscata
648 2341 788 2401 cohaeret

102 2419 234 2504 lllpebra,
257 2428 325 2488 faex
348 2430 448 2488 tenuis
471 2430 630 2488 humorum
654 2429 790 2489 discolor.
828 2447 924 2503 escae,

103 2536 216 2555 &s§-——
240 2551 293 2556 ...—

118 2694 122 2706 ¹
156 2638 203 2689 463
227 2637 293 2689 sunt
315 2635 454 2689 habitudo
478 2635 556 2690 dieta
579 2653 612 2690 or.
655 2637 690 2702 cf.
714 2653 738 2690 o.
758 2639 811 2691 473
835 2641 883 2688 etc.
911 2633 920 2704 ll
947 2639 1000 2687 464
1023 2634 1099 2688 rubr.

103 2690 171 2766 digna
184 2705 287 2761 doloris
307 2706 451 2760 oculorum
470 2723 503 2760 ex
522 2707 615 2763 colera
634 2708 658 2772 b,
678 2706 708 2760 Si
722 2722 809 2760 eausa
828 2706 865 2759 sit
884 2704 919 2758 de
939 2704 1032 2758 colera
1050 2707 1097 2758 ml

103 2764 203 2830 leorae
221 2779 250 2832 b:
271 2777 411 2850 llllllssefflt
431 2779 546 2846 (litterae
564 2779 684 2833 initialis
701 2778 814 2833 rubrica
836 2776 946 2845 detrito)
965 2793 992 2830 m
1014 2775 1024 2849 ll
1047 2780 1099 2828 465

101 2847 271 2904 incuriae:
291 2865 353 2903 -ras
371 2867 399 2903 m
418 2848 509 2919 (dolor
522 2849 686 2919 pungitivus
761 2849 843 2917 quasi
863 2864 897 2902 ex
916 2846 1022 2901 acubus
1042 2847 1100 2900 fac-

101 2942 136 3000 tu
152 2954 232 3026 rrae.)
253 2957 258 3026 p
278 2956 421 3026 figurant)
445 2975 484 3024 m,
509 2958 570 3010 eae
595 2958 609 3010 e
632 2955 642 3027 p
665 2960 717 3009 ree
741 2938 814 3019 ece
843 2955 1025 3025 (contractus)
1050 2954 1065 3008 e
1090 2952 1100 3023 p

101 3018 252 3082 diiunctus
271 3029 300 3083 b:
324 3029 423 3082 acutus
447 3046 474 3082 m
497 3026 516 3153 {L
530 3033 582 3082 470
606 3047 632 3081 u.
652 3026 739 3096 tingit
759 3028 874 3080 tenuem
893 3027 909 3079 b
927 3026 931 3098 Ι
955 3030 1006 3079 471
1026 3023 1100 3078 redit

101 3101 121 3140 a
134 3089 142 3163 l
156 3102 205 3152 ire
223 3098 325 3153 habitu
344 3105 453 3172 spenq3
472 3118 499 3153 m
529 3099 540 3171 p
553 3105 606 3152 474
625 3098 725 3152 eoloris
745 3101 768 3167 (r
782 3098 883 3167 curer)
898 3115 925 3152 m
944 3095 1013 3169 pere
1028 3111 1100 3163 pene

101 3158 223 3280 giemi.)
246 3188 286 3225 m:
310 3171 393 3240 plene
417 3173 432 3226 b
455 3170 465 3243 ΙΙ
487 3176 539 3224 477
563 3172 639 3225 rubr.
658 3169 746 3254 digna
770 3168 874 3223 doloris
899 3167 1042 3251 oculorum
1066 3182 1100 3221 ex

101 3241 323 3381 perfice
333 3242 514 3379 tiltf’ltl
527 3239 1101 3383 illittlllttussffltdulr

102 3373 203 3437 effluunt
223 3386 252 3439 et
269 3385 326 3455 ipsi
345 3388 410 3440 sunt
427 3385 553 3453 viscosi),
576 3385 650 3439 uode
668 3387 789 3439 Ioannes
807 3385 901 3449 11,10
920 3383 953 3449 (f.
965 3383 1051 3449 143t)
1071 3380 1101 3434 Si

100 3451 247 3528 pnigitis
266 3457 305 3510 sit
322 3457 496 3523 humoribus,
515 3458 669 3526 gravantur
686 3456 779 3524 magis
797 3455 828 3507 in
846 3455 928 3507 necte
947 3469 1011 3506 cum
1029 3451 1101 3506 mul-

99 3516 205 3582 titudine
218 3527 400 3583 lacrimarum
415 3530 443 3585 et
461 3527 635 3597 lippitudine
649 3528 678 3582 et
695 3526 874 3581 retinositate
888 3524 1101 3595 (tenebrositate

99 3587 171 3665 Bel.)
189 3599 332 3688 oculorum
349 3600 360 3672 ll
378 3605 431 3654 484
450 3600 550 3668 ignata
568 3599 677 3652 timoris
698 3599 713 3652 b
