2422 3998
99 206 142 273 86
552 203 665 260 EGIDIl

98 354 259 430 infestans,
283 373 473 431 summosque
496 355 608 433 gradus
632 359 678 415 est
701 359 791 417 nacta
814 358 922 419 coloris

99 443 200 503 citrini
222 443 352 504 rutilans
376 444 494 518 effusio,
518 464 608 522 quam
631 445 790 506 mediocris

28 552 82 593 soso
99 533 168 609 plus
190 534 289 593 tenuis
312 533 413 594 firmt
435 533 614 593 substantia.
652 534 739 613 signa
761 535 885 597 minoris

99 621 255 682 insinuant
277 641 352 699 pene
376 623 540 682 stimulum.
577 642 647 682 nam
671 626 777 701 gustus
799 626 831 684 in
856 644 907 685 ore

100 713 221 788 parcius
244 712 381 786 offendit,
404 713 470 772 sitis
494 714 540 771 est
562 710 693 787 brevior,
717 713 803 773 dolor
825 716 921 776 instat

100 801 196 860 lenius
220 803 250 860 et
272 801 378 877 pulsus
401 800 546 877 torpescit
567 801 683 861 tardior
705 803 792 862 ictus.

100 890 194 949 Facta
216 889 347 950 vitellini
369 889 460 950 febris
482 890 642 965 putredine
665 891 766 967 chymi

28 979 130 1039 sesain
155 979 332 1056 vespertinis
356 979 499 1039 offensam
521 978 643 1057 frigoris
666 979 748 1040 horis

100 1068 239 1144 primitus
263 1068 389 1143 inducit,
413 1067 549 1144 lenisque
573 1069 680 1128 caloris
704 1088 828 1128 acumen

101 1157 301 1234 subsequitur.
339 1156 536 1217 subcitrinum
559 1160 747 1235 transgressa
771 1158 901 1218 colorem

100 1247 183 1305 haud
205 1248 335 1306 multum
357 1247 465 1306 rutilat
488 1248 584 1323 epatis
608 1248 675 1306 faex
698 1251 729 1307 et
750 1247 908 1308 mediocris

100 1336 168 1412 plus
191 1338 292 1395 tamen
315 1337 347 1394 in
369 1338 490 1395 tenuem
513 1354 650 1414 vergens,
674 1338 705 1393 et
723 1337 810 1415 signa
832 1339 963 1398 remittit

29 1445 83 1486 arco
101 1427 154 1484 aut
177 1424 299 1484 hebetat
321 1425 415 1484 notha
436 1425 590 1497 materies,
614 1423 724 1500 quibus
748 1429 839 1503 auget
862 1445 988 1486 acumen

101 1533 180 1574 vera.
218 1513 316 1573 solent
338 1514 412 1573 haec
435 1516 465 1572 et
488 1513 546 1572 sibi
568 1515 705 1589 proxima
729 1532 836 1574 cauma
859 1516 965 1576 fabrile

100 1604 132 1661 in
156 1603 281 1680 longum
303 1605 421 1680 tempus
445 1603 621 1680 protendere
644 1602 701 1661 fine
724 1607 847 1664 remoto.

173 1690 323 1768 Simplicis
347 1692 476 1752 insultus
500 1694 701 1768 quartanae
724 1696 833 1770 quarta
856 1694 982 1754 resolvit

102 1780 153 1840 sed
175 1782 302 1856 replicat
323 1783 474 1841 tormenta
497 1781 574 1856 dies,
597 1781 649 1840 sed
672 1781 801 1858 duplicis
823 1802 918 1842 unum

29 1889 82 1930 sros
101 1871 301 1947 tranquillum
324 1872 452 1930 transire
477 1870 555 1930 diem
578 1871 727 1946 permittit
750 1889 888 1946 acumen,

102 1961 133 2018 et
156 1959 213 2018 sibi
236 1961 387 2038 contiguis
411 1960 537 2038 geminis
560 1961 711 2019 tormenta
734 1958 839 2020 diebus

101 2049 247 2108 infestant
270 2067 401 2127 aegrum.
439 2049 492 2125 qui
516 2049 613 2108 cassat
635 2049 700 2108 luce
724 2049 875 2124 sequenti,

102 2141 229 2197 naturae
253 2137 339 2216 niger
362 2139 469 2197 humor
491 2155 575 2213 opus.
614 2137 697 2215 regio
721 2137 862 2213 borealis,

102 2228 185 2286 aetas
208 2230 373 2303 postrema,
397 2227 563 2303 complexio
586 2225 697 2303 frigida
720 2227 815 2300 sicca,

30 2335 84 2375 suo
102 2315 255 2374 morbidus
278 2317 474 2392 autumpnus,
496 2313 699 2373 instaurativa
723 2315 823 2374 diaeta

103 2404 237 2464 humoris
262 2403 376 2480 quarti,
400 2421 488 2462 sexus
511 2405 660 2462 caractere
683 2403 768 2463 laevo

175 2542 245 2592 2088
269 2537 370 2592 caloris
393 2537 412 2591 d
434 2536 444 2608 ((
467 2540 536 2590 2089
561 2535 596 2602 ef.
616 2536 689 2590 Plut.
713 2537 795 2590 urina
819 2536 921 2591 citrina
943 2539 1134 2598 mediocriter

101 2609 203 2676 tenuis,
222 2609 287 2678 plus
302 2608 437 2663 accedens
453 2608 489 2661 ad
503 2607 670 2662 tenuitatem
686 2607 710 2660 si
725 2623 758 2660 ex
778 2607 871 2663 colera
891 2609 995 2664 citrina
1013 2610 1106 2668 fuerit

103 2685 171 2735 2091
193 2681 344 2739 insinuant
364 2681 395 2735 d:
415 2681 462 2733 -at
486 2680 502 2733 0
524 2678 534 2750 ll
556 2683 626 2731 2090
650 2678 741 2732 lenius
759 2679 846 2734 Dua:
869 2679 941 2735 leuis
960 2680 1075 2753 (levius)

103 2789 149 2858 (cf.
164 2806 188 2843 0.
202 2791 283 2843 2048.
298 2790 382 2855 2096)
403 2785 419 2912 kl
443 2789 513 2839 2000
531 2783 608 2838 horis
627 2784 658 2838 d:
677 2783 775 2838 horam
795 2767 882 2855 (horll)
902 2787 918 2841 0
942 2785 953 2858 ll
978 2793 1052 2844 2090
1072 2791 1133 2860 pri.

103 2861 190 2914 mitus
209 2860 239 2913 d:
259 2859 385 2927 pruritus
436 2856 528 2926 {lenis
546 2856 631 2910 Dua:
651 2853 722 2909 leuis
742 2856 778 2911 bd
799 2856 816 2980 ))]
835 2862 905 2911 2008
924 2859 1082 2915 mediocris
1103 2864 1131 2918 b:

103 2947 196 2986 -crem
215 2930 241 2984 d.
270 2930 305 2995 cf.
320 2947 344 2984 c.
353 2932 427 2985 2089
444 2926 454 2999 ))
472 2932 542 2981 2100
561 2926 658 2981 ebetat
676 2927 712 2981 bd
728 2928 732 2995 Ι
748 2929 798 2982 not
819 2929 878 2982 ab:
898 2945 971 2983 nova
989 2931 1010 2985 d
1028 2931 1039 3005 ))
1058 2938 1132 2990 2101

104 3001 157 3058 libi
176 3003 203 3056 b:
223 2999 277 3054 tibi
296 3000 315 3054 d
332 3000 342 3072 ))
360 3005 429 3053 2102
450 2998 504 3053 fine
523 2998 539 3051 0
558 2999 599 3066 (ut
617 2997 705 3051 voluit
722 2999 818 3065 Dar.):
838 3015 890 3054 om.
910 3000 929 3055 d

177 3077 246 3126 2100
265 3071 340 3125 rubr.
360 3070 401 3125 De
425 3071 564 3139 quartana
588 3067 710 3135 simplici
734 3070 762 3122 et
785 3069 894 3138 duplici
917 3073 946 3124 00
970 3071 1006 3127 de
1030 3090 1133 3130 aarum

105 3142 273 3198 differentiis
292 3141 335 3225 0))
354 3146 424 3195 2104
443 3157 469 3223 sq
489 3141 517 3194 b:
537 3139 603 3193 atd
625 3137 635 3210 ))
656 3144 725 3193 2100
745 3142 774 3194 00
793 3144 830 3210 (0)
850 3143 878 3196 b:
898 3157 933 3195 ex
951 3143 970 3196 d
989 3145 1024 3212 (t)
1042 3146 1046 3214 Ι
1064 3162 1133 3201 con·

104 3216 192 3286 tignis
207 3215 236 3270 d:
257 3213 397 3267 continuis
412 3209 528 3279 (9t1nu19
541 3211 590 3279 sic)
606 3210 630 3264 0.
651 3211 686 3276 cf.
699 3210 794 3279 (Gor.)
809 3213 888 3266 Puss.
900 3217 953 3279 7,9
972 3213 1058 3269 indu
1081 3216 1133 3273 lici

105 3288 245 3355 quartana
258 3283 345 3338 biduo
360 3283 396 3337 ab
410 3281 493 3336 initio
507 3280 641 3346 febriunt,
660 3281 689 3334 in
703 3282 797 3336 medio
816 3281 925 3337 habent
941 3301 1032 3341 unum
1053 3234 1133 3344 <liam

105 3374 218 3424 sanum,
238 3359 267 3412 et
289 3354 374 3409 biduo
393 3355 496 3409 itanum
519 3350 644 3406 febriunt
663 3353 707 3420 (cf.
724 3354 753 3409 0.
768 3353 796 3408 S.
810 3354 872 3420 ΙΙΙ,
884 3356 930 3424 20)
953 3354 964 3428 ()
987 3361 1060 3412 2107
1082 3361 1135 3429 qui

105 3430 133 3483 b:
153 3429 229 3496 quod
247 3429 267 3482 d
285 3427 295 3499 ))
313 3430 383 3480 2108
402 3425 521 3478 naturae
540 3441 566 3477 n.
582 3423 608 3476 h.
625 3440 708 3492 opus:
727 3424 785 3479 scil,
801 3440 835 3477 cx
853 3424 1026 3482 melancolia
1045 3434 1134 3486 uatu-

104 3498 159 3553 rali
178 3503 249 3568 (opp.
264 3495 429 3565 innaturali)
445 3494 518 3550 Plut.
534 3495 579 3562 (cf.
593 3495 622 3551 0.
636 3494 663 3550 S.
677 3495 737 3562 III,
751 3498 797 3564 23)
816 3494 825 3567 ll
843 3500 913 3549 2109
933 3500 1082 3566 postrema
1103 3502 1132 3558 b:

104 3570 234 3640 proxima
251 3571 271 3624 d
289 3567 299 3640 ))
317 3572 387 3621 2110
407 3566 501 3634 dietae
521 3567 579 3636 (sic)
599 3566 615 3621 0
