2422 3998
45 94 51 100 “
134 114 177 180 66
587 111 702 166 neren

133 263 196 321 Has
220 265 346 341 generat
367 264 479 339 species
502 264 660 322 humorum
684 262 772 338 copia
794 281 901 323 nervos

133 353 308 427 incurvans,
330 352 402 411 dum
425 352 613 412 contrahitur
636 353 683 411 oui
706 352 787 411 linea
808 353 891 411 recta

63 460 116 502 rsoo
133 459 305 500 mensuram
327 442 422 500 trahit
443 441 475 500 in
498 442 607 517 latum,
630 441 678 500 vel
702 441 750 501 cui
773 441 912 501 laterales

132 530 274 589 distrahit
296 531 328 590 in
351 531 475 608 longum
497 533 599 607 partes
622 531 693 588 dum
717 529 830 590 crescit.
867 531 991 592 habebis

132 620 201 678 inde
224 619 325 695 fidem,
349 621 375 678 si
397 620 558 695 plectorioo
582 621 622 678 sit
640 638 763 695 corpore
785 619 875 696 plena

133 709 279 787 sanguine
302 728 378 769 vens
400 712 532 784 tumens,
556 708 583 768 si
605 708 759 768 luxuriosa
782 708 884 768 diaeta

131 799 301 874 praecessit.
338 799 363 858 si
386 797 571 874 consumptis
593 797 769 857 humoribus
792 801 893 857 ortum

62 911 114 953 1⁶0⁶
132 888 180 947 hic
203 889 309 963 recipit
332 887 466 961 morbus,
489 887 612 961 macies,
634 886 761 959 ieiunia,
784 887 882 946 fluxus

132 977 245 1037 ventris
268 977 317 1035 vel
339 977 470 1036 vomitus
493 977 617 1052 nimius,
640 977 672 1035 in
695 977 818 1036 vulnere
841 976 941 1036 factus

133 1068 290 1142 corruptus
313 1065 450 1143 sanguis,
473 1065 560 1124 labor
581 1067 701 1143 ingens,
724 1067 859 1141 tompore
881 1065 979 1124 multo

133 1157 289 1215 continuet
311 1154 431 1214 morbus
455 1174 572 1231 penam.
607 1154 678 1213 fidei
700 1155 878 1214 manifestas

131 1244 276 1303 indicium
298 1246 444 1320 praestat,
468 1245 494 1303 si
516 1263 623 1304 nervos
646 1243 752 1304 noxius
775 1244 861 1322 algor

61 1357 114 1397 rsro
133 1333 291 1392 contrahit.
328 1334 401 1392 hacc
423 1333 519 1411 regio,
543 1337 661 1410 tempus
684 1334 733 1391 vel
755 1333 864 1392 balnea
886 1331 1017 1410 signant.

62 1802 114 1843 1616

62 2247 114 2287 1610

204 1423 302 1482 Anus
325 1423 361 1480 in
385 1441 567 1500 egressum
590 1425 694 1498 peccat
715 1442 805 1498 quem
827 1421 941 1480 nisibus
966 1420 1077 1499 amplis

132 1510 286 1587 protrudit
307 1513 434 1587 patiens.
471 1530 614 1589 superans
638 1511 817 1587 quandoque
840 1511 967 1570 lacertos

132 1601 297 1660 humiditas
320 1601 420 1660 mollit
441 1602 472 1660 st
494 1600 665 1660 lubricitate
689 1600 829 1661 deorsum

132 1689 252 1748 labitur.
289 1689 399 1750 indicio
422 1690 480 1748 tibi
502 1691 710 1769 designabitur
733 1691 829 1767 aegri,

133 1780 159 1839 si
181 1780 274 1838 nimio
298 1779 367 1838 nisu
389 1780 451 1841 fiat.
489 1781 514 1840 si
536 1781 670 1840 membra
693 1780 809 1839 relaxat

132 1867 310 1944 humiditas,
333 1871 378 1929 vis
403 1869 552 1929 sensibilis
575 1869 718 1947 pigrescit
739 1868 864 1941 ibidem,

132 1960 271 2018 humores
295 1977 395 2017 secum
416 1959 527 2017 mixtos
551 1960 664 2036 egestio
686 1960 802 2034 portat,

133 2051 163 2106 et
185 2048 282 2125 magis
306 2050 341 2106 ut
363 2047 433 2106 fidei
455 2047 613 2106 firmentur
635 2048 756 2122 robora,
779 2048 901 2124 signant

133 2138 216 2214 aegri
239 2155 315 2212 quac
338 2136 430 2196 fuerit
452 2137 616 2212 complexio
641 2155 754 2212 quaeve
777 2136 885 2195 diaeta.

204 2226 334 2301 Imperio
357 2229 466 2284 natura
489 2244 542 2286 suo
565 2244 706 2285 mensura
728 2225 886 2284 remittit

133 2314 257 2373 debita
281 2333 359 2391 quac
382 2314 515 2373 mulier
537 2314 646 2388 mittit,
670 2334 737 2374 cum
760 2314 849 2374 tarda
872 2316 1008 2374 senectus

133 2403 244 2480 pabula
267 2402 408 2463 subducit
430 2403 584 2478 membris,
608 2423 676 2463 cum
697 2404 769 2462 flore
790 2403 930 2463 iuventae

133 2496 308 2568 consumpto
331 2511 423 2571 rugus
447 2493 504 2552 sibi
527 2492 773 2571 quadragesimus
797 2511 892 2553 annus

207 2633 275 2682 1698
294 2629 328 2693 of.
344 2630 386 2682 Io.
404 2628 438 2681 fit
456 2629 550 2682 autem
570 2644 604 2681 ex
621 2627 799 2696 plenitudine
818 2629 847 2681 ct
863 2626 1027 2682 inanitione.
1051 2628 1162 2698 repleti

134 2699 209 2753 enim
225 2701 303 2754 nervi
317 2699 371 2754 etsi
388 2700 542 2753 secundum
556 2699 645 2753 latum
660 2699 850 2753 extenduntur
865 2698 1018 2752 secundum
1036 2697 1160 2770 longum

133 2774 230 2825 tamen
253 2771 465 2825 contrahuntur.
488 2773 521 2824 ut
544 2786 641 2823 saccus
660 2770 696 2824 de
715 2769 790 2825 corio
813 2770 948 2824 stramine
971 2769 1107 2839 repletus.
1133 2774 1161 2827 si

134 2844 307 2897 evacuantur
327 2843 364 2895 ad
382 2859 464 2896 suum
482 2842 663 2910 principium.
687 2843 873 2911 corrogantur
896 2842 925 2895 et
944 2843 1160 2899 convertuntur.

134 2916 167 2966 ut
184 2930 386 2984 pergamenum
406 2914 442 2968 sd
466 2914 553 2968 solem
570 2912 614 2967 vel
633 2913 670 2966 ad
693 2913 788 2983 ignem
812 2913 982 2981 appositum.
1007 2912 1097 2983 Signa
1112 2956 1119 2968 .
1132 2957 1160 2972 ..

135 3020 235 3089 (Oocst.
254 3022 319 3074 viat.
341 3026 366 3088 1,
384 3023 429 3090 24)
452 3019 462 3092 ll
487 3024 555 3074 1699
579 3020 626 3074 cui
648 3020 724 3074 linea
747 3021 854 3074 restet:
879 2996 898 3090 (¹1
920 3019 978 3073 lisa
1000 3022 1081 3074 recti
1106 3023 1123 3077 b
1150 3023 1162 3096 n

135 3133 204 3252 117600
223 3127 320 3251 mehgi,
334 3129 392 3252 {pict
408 3128 443 3253 bb!
460 3128 581 3181 latumr:
601 3126 717 3197 longum
736 3131 778 3197 (ut
795 3145 819 3182 o.
834 3128 898 3196 seq.)
918 3127 954 3194 b}
971 3126 1028 3182 oni:
1049 3103 1160 3199 ‹¹1(qui)

137 3199 178 3391 ΓΗ
197 3204 274 3323 l1661101
295 3202 488 3326 deffinitur
508 3270 555 3323 ani
574 3270 606 3323 fit
625 3271 714 3340 signis
733 3270 825 3325 censis
844 3268 991 3338 speciebus
1011 3270 1027 3324 b
1048 3269 1058 3340 Η
1085 3277 1160 3328 1619

147 3343 369 3468 Υει1181690666.
389 3413 534 3466 Menstrua
557 3415 690 3468 contentu
713 3413 801 3483 signis
825 3413 917 3468 censis
941 3411 1091 3481 speciebus
1111 3416 1128 3471 b
1153 3419 1158 3490 1

135 3482 246 3551 inperio
266 3485 281 3539 b
299 3484 309 3556 tl
329 3490 397 3538 1623
417 3484 642 3552 quadrasesimus
661 3486 720 3554 (sic)
741 3485 756 3539 b
