2422 3998
148 219 191 283 26
599 213 713 269 aaron

90 384 129 422 oco
148 366 302 445 sanguinis
325 366 470 443 inscripta
492 385 547 425 neo
568 385 629 426 non
652 368 761 425 natura
784 367 917 426 locorum

147 457 291 533 temporis
314 456 423 516 aetatis
446 458 536 515 vitae.
573 455 621 515 vel
643 459 797 515 menstrua
820 473 925 515 cursus

148 545 283 605 consueti
304 547 413 621 spretis
436 545 603 619 canalibus,
627 547 682 603 aut
704 545 865 604 minuentis

147 634 236 712 pigra
258 654 364 695 manus
388 654 555 711 perquam
579 633 723 693 detractio
747 652 813 694 sera
835 635 957 694 nocivas
983 655 985 659 ’

147 723 282 783 indutias
305 723 447 800 sumpsit,
471 725 518 782 vel
541 741 618 782 vena
640 724 774 799 pericula
796 726 953 800 praestans
1041 748 1044 753 ·

91 829 129 867 see
147 812 272 873 inferius
296 814 385 873 solito
408 813 492 871 fluxu
514 816 661 885 cessante,
684 811 786 872 meatu

148 903 303 982 sanguinis
327 903 470 962 obstruso.
509 905 627 961 teneras
649 921 730 961 nunc
752 904 851 980 surgit
878 921 1004 961 acumen

147 992 304 1070 sanguinis
327 994 357 1050 in
382 1010 487 1066 venas,
510 992 562 1068 qui
586 992 658 1049 nota
680 992 827 1069 repagula
849 1009 992 1067 rumpens

147 1081 269 1141 adiutus
293 1082 407 1141 colerae
431 1081 554 1140 stimulo
577 1099 714 1156 venaque
738 1081 839 1140 soluta

148 1171 257 1230 emicat
274 1170 306 1228 in
329 1169 469 1228 medium.
507 1188 613 1246 corpus
636 1169 720 1228 locus
743 1170 818 1229 hora
840 1171 981 1229 iuventus

90 1275 129 1313 eoo
147 1261 211 1320 vita
234 1260 322 1318 fidem
344 1259 466 1318 firmant
489 1262 519 1318 et
542 1259 698 1336 sanguinis
721 1261 826 1337 igneus
850 1259 940 1318 ardor

147 1350 307 1427 pungentis
331 1367 430 1422 nares,
454 1352 485 1407 et
506 1349 675 1407 mendicata
698 1349 805 1408 coloris

148 1438 262 1515 effigies
285 1437 382 1496 crocei
403 1438 465 1512 vel,
487 1456 535 1496 res
558 1437 729 1514 aspectibus
753 1441 838 1514 apta,

147 1527 307 1586 herbarum
329 1527 449 1603 pictura
471 1528 560 1587 viror.
598 1525 631 1585 si
654 1528 756 1604 splene
779 1527 892 1603 repleto

148 1616 186 1674 ad
209 1634 296 1675 nares
319 1617 399 1692 repit
420 1616 555 1675 humoris
579 1616 678 1693 copia,
702 1616 767 1675 oit'

90 1718 129 1758 005
148 1706 226 1765 hunc
249 1706 330 1765 color
352 1705 511 1780 informat,
533 1705 629 1765 fluxus
653 1705 689 1764 de
713 1725 785 1765 nare
808 1705 931 1764 sinistra

147 1795 264 1872 plenior
287 1794 418 1871 erumpit
440 1797 471 1854 et
493 1792 597 1854 eadem
620 1798 705 1872 parte
729 1795 845 1854 dolores

147 1885 294 1944 infestant
316 1884 495 1962 quandoque
518 1884 607 1944 latus.
643 1884 671 1944 si
692 1881 847 1963 sanguinis
871 1883 967 1941 undas

148 1975 187 2033 ad
209 1992 296 2034 nares
319 1975 500 2034 transmittit
522 1993 606 2050 epar,
629 1992 699 2050 pars
723 1975 829 2032 dextra
851 1972 962 2032 doloris

148 2066 297 2140 punctura
321 2063 458 2141 quatitur
481 2066 511 2123 et
532 2065 614 2123 naris
639 2064 743 2122 dextra
765 2062 883 2121 fluentis

90 2166 130 2204 010
149 2154 253 2213 alveus
275 2153 406 2211 efficitur
427 2154 535 2229 chymi.
572 2171 708 2229 puroque
730 2152 828 2211 colore

149 2241 302 2318 praeditus
326 2242 423 2301 elucet
445 2242 582 2320 sanguis,
606 2243 632 2301 si
655 2240 783 2319 frigidus
807 2259 857 2299 aer

149 2350 255 2391 venam
278 2348 440 2408 corrogans
460 2330 602 2390 dissolvit
624 2330 779 2409 sanguinis
799 2330 894 2389 aedes.

148 2421 319 2480 consultum
342 2437 432 2496 super
453 2420 510 2479 hoo
532 2417 651 2496 tempus
675 2419 723 2479 vel
746 2419 873 2478 discolor
896 2420 955 2478 oris

149 2509 263 2588 effigies
285 2508 355 2568 fidei
378 2509 555 2568 manifestae
578 2509 666 2587 signa
689 2510 835 2568 locuntur.

91 2613 129 2650 015
221 2597 359 2658 Obstruit
382 2601 472 2674 atque
494 2599 592 2675 replet
613 2617 699 2658 nares
722 2599 845 2658 humore
864 2599 971 2657 nocivo

148 2690 249 2764 passio
273 2706 436 2764 conyzae,
460 2705 520 2764 qua
544 2687 720 2747 discretivus
744 2686 869 2746 odorum

221 2880 272 2930 591
292 2875 337 2930 vel
355 2894 391 2931 m.
412 2883 472 2931 etc:
491 2878 532 2932 sic
549 2878 593 2932 md
612 2878 680 2945 (scil.
701 2876 796 2929 fundit
814 2894 839 2931 o.
850 2879 912 2943 585)
935 2876 945 2946 0
968 2880 1020 2928 599
1041 2891 1064 2930 as

149 2964 217 3002 seua
236 2948 279 3002 mb
302 2948 312 3019 tl
335 2952 388 3002 594
406 2955 491 3017 pians
516 2950 544 3014 5,
568 2954 700 3018 prauam
722 2947 732 3020 15
755 2953 807 3003 595
826 2947 945 3001 interius
964 2965 991 3002 m
1012 2949 1016 3014 Ι
1037 2964 1064 3000 ao

149 3037 199 3074 om.
215 3037 241 3073 m
254 3018 264 3091 d
278 3023 331 3073 590
345 3019 380 3085 cf.
393 3021 434 3074 Ιο.
450 3021 467 3074 5.
482 3037 505 3074 c.
519 3022 570 3074 aut
585 3036 618 3074 ex
633 3019 811 3089 plenitudine
826 3018 973 3088 sanguinis
987 3021 1022 3086 (o.
1033 3023 1064 3073 55

149 3093 199 3145 aut
218 3107 252 3145 ex
271 3090 402 3145 acumine
421 3091 481 3146 eiua
500 3093 535 3161 (c.
550 3094 694 3146 596-603
713 3090 748 3157 cf.
764 3088 849 3160 Ptat.)
867 3090 877 3162 Ι]
896 3094 947 3143 595
967 3106 1064 3158 repaot

149 3167 201 3217 000
216 3177 233 3218 a
247 3161 295 3232 (et)
310 3179 348 3217 m:
369 3163 514 3232 a(aang'is)
529 3163 544 3217 5
562 3162 572 3234 d
591 3168 642 3217 001
658 3163 800 3216 medicata
815 3162 915 3216 coloris
929 3179 965 3228 m,
979 3161 1064 3216 indici

149 3269 216 3322 loris
236 3269 279 3342 511
298 3273 349 3322 002
369 3245 428 3324 doci
447 3287 485 3324 m:
506 3246 532 3322 di
551 3270 567 3323 0
583 3272 587 3338 Ι
604 3248 711 3340 9000105
728 3270 743 3323 5
761 3269 771 3340 Η
796 3273 847 3322 004
867 3269 931 3322 citri
951 3269 979 3321 b:
998 3270 1064 3323 teter

149 3376 184 3442 ef.
200 3377 276 3431 Plot.
293 3376 303 3448 ss
322 3381 373 3431 005
393 3376 448 3432 hdo
467 3394 506 3430 m:
526 3383 560 3430 iso
580 3379 674 3444 (nunc)
694 3377 709 3429 0
731 3379 735 3441 Ι
758 3375 893 3429 informat
912 3377 927 3429 0
946 3376 956 3448 Η
975 3379 1025 3430 009
1047 3359 1064 3446 d

150 3446 230 3514 qrit*
247 3447 394 3516 (queritur)
413 3466 441 3502 m
458 3448 468 3519 14
487 3454 538 3503 619
559 3447 625 3502 edes
644 3450 687 3503 neb
705 3448 715 3519 Η
735 3452 787 3500 014
806 3446 941 3514 loquutur
959 3465 985 3501 m

222 3524 274 3572 015
292 3520 367 3574 rubr.
382 3518 424 3573 De
439 3519 530 3574 coriae
545 3520 633 3588 signia
653 3519 745 3573 causis
760 3520 793 3572 'et
812 3518 958 3586 speciebus
976 3520 1000 3584 5,
1020 3519 1061 3573 Da

150 3604 236 3642 causa
255 3606 318 3643 curn
338 3589 426 3659 signis
445 3608 472 3645 m
491 3592 552 3660 (om.
568 3593 653 3660 Plot.)
672 3593 681 3663 t!
701 3595 751 3644 010
772 3590 861 3644 coriae
881 3591 896 3643 0
