2422 3998
499 186 666 243 VIATIOUS

53 347 152 392 turn
170 340 257 398 nutat
279 338 406 397 rationis
431 358 519 415 apex,
543 339 682 399 discretio
705 341 799 399 fallax

59 425 232 502 mentitur,
255 446 324 487 cum
347 428 505 488 succedens
528 447 559 488 se
582 429 692 488 subicit
714 448 804 489 error.

48 503 184 576 lProdit
204 519 366 595 utrumque
389 518 516 591 malum,
540 517 604 577 sine
628 519 718 578 febris
741 524 892 595 caumate,
916 541 1007 581 causa

75 601 247 682 multiplici
284 606 349 665 vini
370 609 461 681 potus
484 608 510 666 si
533 606 620 666 cedat
641 609 673 666 in
696 625 785 667 usum

81 698 142 745 nee
159 713 291 754 mensura
313 698 412 774 regat,
436 697 484 756 vel
506 696 533 755 si
555 698 671 756 fervore
693 696 843 775 nigrescat

89 784 212 860 languis,
234 785 283 845 vel
307 785 421 844 colerae
444 787 529 845 furor
551 788 694 845 interiora
718 787 815 846 calore

94 873 256 958 aleremur,
280 877 334 934 aut
356 874 453 952 frigus
477 875 610 953 algentes
634 877 815 951 comprimat
837 881 933 952 artus,

56 951 84 994 ²¹⁵
98 961 120 1004 ⁸1
137 953 235 1022 biberit
257 963 353 1038 virus,
377 964 425 1023 vel
448 964 569 1042 sanguis
593 964 715 1024 flumine
737 967 833 1024 multo

99 1053 215 1127 erumpet
237 1053 285 1112 vel
308 1054 335 1112 si
357 1053 462 1113 solitos
486 1052 644 1130 deperdere
668 1054 766 1113 discat

98 1141 227 1223 Pusaeus,
251 1141 276 1201 si
299 1142 517 1220 mandragorae
541 1143 589 1202 vel
612 1161 700 1202 sucus
724 1144 832 1203 edatur

94 1229 253 1307 lulquiami,
276 1232 303 1290 si
325 1250 385 1290 non
409 1232 490 1308 capit
513 1232 712 1292 oblectamina
734 1234 851 1311 sompni

88 1307 233 1407 lblpsbra,
257 1321 283 1380 si
306 1321 424 1380 cerebro
448 1320 621 1381 dominatur
642 1322 717 1380 lima
739 1323 846 1382 caloris

39 1392 72 1436 ”⁰
84 1398 216 1484 lnditas,
240 1409 267 1468 si
288 1411 371 1469 laesa
394 1429 463 1470 caro
486 1411 580 1471 livore
603 1411 747 1488 nigrescit

74 1475 166 1576 'dente
188 1499 271 1558 canis
292 1499 405 1574 rabidi,
428 1499 455 1558 si
477 1500 652 1577 drimifagia
675 1500 797 1575 chymos

69 1583 250 1661 Ineendant,
273 1588 300 1646 si
322 1592 496 1664 corruptum
519 1589 670 1666 spiracula
692 1593 814 1649 sumant

64 1672 157 1746 ³⁰18,
183 1678 209 1737 si
231 1679 362 1736 mentem
386 1678 546 1738 conturbat
567 1678 655 1738 turbo
678 1679 796 1739 timoris

58 1751 110 1806 aut
144 1763 216 1825 irae
238 1766 337 1826 rabies
361 1767 455 1826 studii
478 1769 525 1828 vel
548 1786 625 1844 pena
649 1768 756 1845 quieti,

10 1847 38 1889 '¹⁶
56 1837 99 1895 vel
136 1857 174 1914 si
196 1856 289 1935 louge
312 1857 400 1915 nimis
424 1857 544 1917 solvant
565 1857 678 1916 ieiunia
702 1876 818 1933 corpus,

53 1926 97 1984 lel
135 1942 217 2005 faba
240 1944 289 2005 vel
311 1945 418 2005 similis
442 1947 536 2004 sitin
559 1965 616 2005 usu
639 1946 772 2023 grossior
794 1964 874 2020 esca,

52 2016 99 2118 lffl
138 2035 174 2092 si
196 2034 353 2093 conturbet
375 2035 508 2094 animum
531 2054 672 2112 pressura
695 2035 813 2094 doloris.

55 2106 87 2166 Sl
116 2124 257 2202 sanguis
281 2141 402 2184 causam
425 2125 478 2183 dat
499 2125 610 2199 morbi,
628 2124 763 2184 versibus
787 2144 876 2202 aeger

57 2195 186 2270 alludit
208 2215 293 2273 vario
317 2232 420 2272 vocem
442 2213 644 2274 modulamine
668 2215 814 2288 formans,

10 2308 45 2352 Μ
61 2284 203 2386 &thim
224 2301 258 2360 in
280 2302 373 2362 risum
395 2304 554 2362 mimorum
578 2303 689 2380 gaudia
712 2304 788 2362 falso

149 2459 201 2508 210
219 2455 295 2510 rubr.
315 2455 350 2508 de
369 2471 455 2509 eausa
474 2454 567 2508 menie
586 2459 615 2509 et
633 2454 800 2509 melancolie
820 2457 848 2521 b,
875 2455 968 2508 Mauie
992 2457 1021 2508 et
1040 2472 1097 2509 me·

74 2514 198 2580 lancolie
218 2542 302 2581 cause
320 2525 410 2580 XXHI
429 2545 456 2580 m
473 2528 483 2598 11
502 2532 553 2580 213
568 2527 701 2581 interiore
716 2545 743 2580 m
761 2527 770 2599 l,
790 2532 841 2580 214
857 2527 1017 2580 concremat
1030 2528 1074 2580 ml>
1091 2527 1094 2596 1

82 2618 158 2691 elau
176 2639 210 2686 ee
229 2632 352 2702 ,spamae
370 2635 386 2688 o
405 2633 415 2705 1
433 2639 484 2687 215
502 2609 577 2688 troie
594 2653 633 2689 m:
654 2633 721 2686 bras
732 2632 862 2703 (aitrus)
877 2634 892 2686 o
910 2632 921 2703 1
940 2638 991 2686 ue
1006 2649 1097 2686 erem-

88 2729 127 2803 pil
142 2740 184 2793 ml>
199 2741 203 2807 1
220 2739 325 2793 solidos
341 2758 369 2794 m
386 2739 397 2812 11
415 2745 466 2793 217
487 2759 569 2794 sucus
588 2760 626 2795 la:
648 2757 746 2794 succus
762 2743 777 2795 b
795 2740 805 2812 11
824 2745 875 2794 219
891 2739 1004 2794 cerebro
1024 2708 1096 2809 (etti)

92 2842 115 2898 l:
132 2822 238 2900 creb⁰m
260 2846 270 2918 11
293 2850 345 2899 220
364 2845 389 2900 si
407 2846 467 2901 lesa
486 2864 551 2902 caro
569 2866 608 2902 m:
628 2847 687 2901 lesa
706 2846 730 2900 si
749 2863 814 2900 caro
835 2848 850 2901 b
871 2848 875 2914 1
896 2847 1032 2916 nigrescit
1053 2848 1097 2901 ml>

93 2921 127 2983 lat
137 2917 294 2972 dominator
307 2949 334 2958 -
348 2919 436 2988 capit)
450 2919 460 2992 11
474 2925 523 2972 221
541 2919 705 2988 dimifragia
718 2936 753 2984 m,
770 2917 954 2988 dimifrigiab
970 2921 975 2988 Ι
991 2918 1097 2971 ohimos

92 2987 155 3060 2211
177 2994 228 3043 222
247 2988 402 3044 incendant
420 3009 459 3045 m:
479 2992 617 3045 accendat
636 2992 651 3044 b
671 2993 675 3058 1
697 2992 810 3043 sumant
829 2992 913 3059 (sudat)
933 2991 961 3044 b:
984 2991 1098 3043 sumunt

90 3077 112 3116 m
129 3059 139 3132 11
160 3061 216 3114 222ι
235 3061 260 3114 si
282 3063 376 3114 mente
399 3080 438 3116 m:
463 3065 554 3115 suffito
578 3064 593 3116 b
614 3065 618 3130 Ι
639 3059 790 3115 conturbat
813 3063 872 3132 (sic)
895 3063 938 3116 mh
961 3063 966 3130 1
988 3060 1098 3114 timoris

88 3131 180 3203 (tr‘oris)
203 3133 231 3186 b:
255 3132 374 3186 tumoris
397 3151 425 3188 m
446 3132 456 3205 11
480 3139 531 3186 224
556 3133 657 3202 quieti:
684 3132 788 3201 quietis
810 3134 855 3187 ml>
877 3132 887 3205 11
910 3137 961 3186 225
986 3131 1098 3185 solvunt

85 3205 139 3275 (sic)
156 3204 201 3258 ml>
218 3202 229 3274 11
247 3209 299 3258 226
318 3205 391 3258 baec
408 3221 515 3259 emaum
529 3212 593 3275 post
610 3222 635 3259 o.
650 3208 703 3259 227
717 3206 757 3258 sic
775 3204 856 3258 addit
873 3222 901 3258 m
920 3203 949 3256 Si
968 3202 1036 3256 faba
1054 3201 1098 3257 vel

83 3273 236 3332 similis
255 3274 265 3348 11
284 3280 335 3328 227
351 3275 502 3329 conturbat
521 3278 536 3330 b
556 3274 632 3345 (-bet
649 3278 686 3343 m)
705 3274 714 3345 11
733 3280 785 3328 228
800 3276 875 3329 rubr.
892 3274 979 3344 Signa
998 3275 1022 3328 ei
1042 3275 1098 3327 sint

80 3366 113 3404 ex
132 3346 269 3415 sanguine
287 3347 384 3400 mania
403 3349 431 3400 et
450 3347 617 3402 melancolia
637 3349 665 3413 b,
690 3346 720 3400 Si
741 3347 778 3399 sit
802 3363 835 3400 ex
859 3345 996 3416 sangnine
1016 3346 1098 3415 signa

77 3437 134 3478 sex.
153 3424 202 3488 ᾖ).
222 3423 257 3472 cd
278 3418 315 3471 sit
333 3418 378 3472 fri.
398 3419 538 3474 othum
559 3428 562 3490 1
584 3434 699 3472 causam
719 3418 825 3471 datm:
850 3417 901 3470 dat
919 3419 1067 3470 causamb
1089 3416 1098 3488 11

76 3496 131 3550 230
156 3489 307 3544 mimorum
330 3491 358 3544 b:
385 3492 537 3559 nuptorum
559 3509 593 3544 m.
636 3491 671 3556 cf.
691 3489 798 3542 saltant
821 3490 895 3543 Plat.
919 3491 955 3558 (ε
973 3488 1099 3542 letantur

72 3563 134 3623 cod.
156 3562 231 3617 Vrat.
252 3561 281 3616 Ο.
302 3561 328 3616 S.
349 3563 392 3628 II,
408 3565 470 3629 124)
