2422 3998
487 187 654 244 VIATIGUS

94 333 200 401 efficiunt
221 342 269 401 vel
292 360 370 418 quae
393 341 507 400 veneria
530 341 705 401 succendere
727 342 880 401 flammam

91 424 163 502 alque
183 429 355 508 cupidineus
378 433 505 506 possunt
527 448 668 508 generare
692 430 831 506 sagittas.

143 517 276 580 Humano
300 521 404 598 generi
426 520 546 596 lapsum
568 519 701 579 minatur
724 519 834 580 amicos

83 601 189 670 affeetu
210 611 328 670 veneris
352 611 407 668 aut
429 608 628 668 oblectamina
652 608 746 668 dulcis

79 695 242 778 extinguens
265 698 364 776 operis
388 698 654 774 aproximeron‚
677 696 804 758 variatis

76 787 200 848 exoriens
224 790 331 848 causis.
368 806 440 846 nam
461 806 566 846 renum
588 787 777 848 mortificatis

71 876 196 938 motibus
218 877 333 937 insistit
355 877 454 955 algor,
477 877 526 936 vel
548 895 641 936 verna
663 877 801 936 minister

69 966 225 1036 expediens
247 965 349 1026 veneri
371 965 505 1025 membra
527 967 640 1025 virtute
662 967 788 1026 remissa

66 1042 167 1116 deficit
189 1055 294 1130 officii,
316 1056 365 1115 vel
388 1073 495 1114 causae
518 1054 683 1114 materialis

62 1139 248 1222 erinupium
273 1143 339 1204 dest
359 1144 532 1203 humiditas.
580 1144 612 1203 Si
634 1145 742 1204 noxius
766 1144 851 1221 algor

60 1224 191 1309 efficiat,
214 1233 332 1310 pallene
355 1233 461 1307 facies,
485 1233 651 1309 complexio
675 1234 762 1310 signa

58 1310 246 1399 ffigiditatis
269 1322 395 1398 habene,
418 1326 515 1397 aetas,
538 1321 628 1381 urina
650 1322 788 1395 remissa,

55 1413 210 1484 segnities
232 1415 347 1486 motus,
370 1412 468 1485 locus,
492 1414 545 1471 aut
567 1413 703 1488 inspecta
727 1410 828 1469 diaeta

54 1504 246 1576 agamenes
269 1501 385 1561 dabunt
406 1501 484 1559 fidei.
521 1502 547 1559 si
570 1502 694 1577 spiritua
718 1499 824 1560 absens

54 1576 217 1650 defectum
240 1590 346 1664 faeiat,
368 1591 465 1649 virtus
488 1590 619 1665 defecta,
642 1589 755 1649 laboris

10 1720 14 1799 Ι
53 1680 262 1741 praeveniens
287 1678 422 1758 gravitas
444 1679 600 1738 hominum
624 1682 767 1739 consueta
789 1679 924 1755 vigorem

10 1806 13 1813 ·
53 1757 257 1844 abbreviare,
280 1769 343 1828 dies
366 1769 549 1846 prolongans
572 1768 673 1845 passio
696 1768 802 1844 longa,

52 1841 142 1919 haec
164 1858 221 1918 tibi
244 1857 415 1936 signabunt.
448 1856 474 1916 ai
497 1876 587 1917 causa
611 1857 651 1916 sit
672 1855 861 1914 humiditatis

10 1934 39 1979 ¹⁹⁰
52 1930 216 2022 defectus,
239 1947 297 2007 tibi
318 1965 365 2006 res
388 1946 484 2024 signis
508 1945 642 2025 signabit
664 1944 789 2020 eisdem,

50 2018 189 2115 itlsuper
212 2036 342 2112 capelli
365 2036 548 2113 consumptis
573 2035 713 2095 carnibus
736 2035 848 2093 haeret.

142 2127 214 2186 Tres
238 2127 374 2202 spasmi
397 2125 509 2203 species
532 2126 641 2201 triplex
666 2124 719 2183 dat
741 2141 844 2197 causa,
867 2125 1007 2182 recurvat

50 2217 148 2279 ‘luae
170 2234 241 2293 pars
265 2215 397 2275 anterior
420 2217 511 2290 caput
534 2216 788 2292 emprostotonus‚
812 2213 895 2272 astra

50 2286 259 2364 dinumerare
281 2304 356 2363 facit
379 2304 567 2381 opistotonus
591 2323 642 2362 ore
665 2303 773 2380 supino

10 2376 36 2421 ⁸⁵
50 2377 230 2468 disponens
254 2411 388 2472 grecam,
412 2393 531 2469 aequali
554 2394 639 2452 lance
663 2396 800 2452 coartans

53 2483 203 2565 Pomaria
226 2485 386 2559 utramque
408 2485 527 2558 partem
549 2485 669 2542 tetanus
693 2485 782 2541 nocet
804 2482 895 2556 atque

53 2569 212 2632 lnflexum
235 2571 427 2650 rigidumque
452 2572 538 2630 docet
560 2573 720 2631 consistere
743 2588 859 2646 corpus.

60 2667 287 2693 N*—

147 2783 215 2832 1573
235 2777 400 2846 cupidineae
419 2794 453 2832 ac
475 2777 573 2832 Ouidio
592 2779 634 2831 ait
652 2777 736 2845 Epiri.

147 2854 216 2903 1674
234 2849 309 2904 rubr.
337 2847 378 2902 De
406 2864 631 2917 apprcxymeron
658 2847 749 2901 causis
778 2846 866 2916 signis
895 2845 1042 2915 speciebus
1068 2846 1091 2900 b.

68 2901 157 2975 Mire
178 2936 282 2990 quaeque
304 2921 392 2974 morbi
413 2936 512 2975 nomen
535 2922 605 2985 (scil.
625 2920 748 2987 apronia
770 2920 888 2984 moriere)
912 2934 947 2972 ex
965 2918 1093 2972 Aurelio-

71 2975 139 3044 ΕΜ.
154 2992 231 3061 αριιό
251 2991 319 3047 Gar.
333 2995 361 3057 3,
375 2997 411 3046 70
429 2992 515 3057 (uode
528 2992 623 3058 Sim),
646 3008 721 3045 arms
739 2996 830 3043 autem
849 3006 906 3044 nore
924 2995 999 3043 extat
1017 2989 1094 3056 uprcd

73 3047 148 3117 Cael.
165 3064 236 3118 Aur.
258 3066 365 3132 12570.
386 3066 438 3118 575
462 3065 609 3129 (Ammorr)
635 3061 644 3134 ll
670 3066 740 3115 1578
760 3076 846 3115 verna
869 3061 1010 3114 minister:
1034 3061 1092 3114 ecel.

71 3127 189 3188 wiricus
208 3135 308 3202 (Plut.)
327 3135 361 3200 cf.
376 3152 401 3188 u.
412 3138 467 3188 986
485 3133 494 3205 ll
514 3139 581 3188 1581
602 3133 682 3186 deest
701 3134 716 3186 b
736 3135 764 3202 (e'.
779 3150 800 3186 e.
816 3131 879 3185 dest
893 3134 1007 3200 poetice)

148 3209 215 3259 1592
239 3207 315 3261 rubr.
339 3206 381 3258 De
405 3205 510 3274 epuemi
534 3206 627 3258 causis
651 3204 739 3274 signis
763 3207 792 3257 et
814 3202 961 3272 speciebus
985 3203 1008 3256 b.
1049 3202 1094 3256 De

72 3271 183 3332 wasme
210 3277 252 3332 real
284 3277 360 3346 apud
388 3277 461 3330 Plut.
491 3280 588 3344 (aeque
616 3279 647 3329 in
675 3277 705 3331 0.
728 3276 755 3330 S.
773 3276 876 3342 Vrut.)‚
908 3275 955 3328 recl
987 3275 1094 3342 supplet

70 3327 195 3403 'wacca
213 3354 278 3417 poet
299 3349 446 3418 paralysin
469 3365 502 3401 ex
523 3348 591 3403 Gar.
612 3349 740 3414 (lbeocl.)
763 3349 819 3413 5,1
843 3353 868 3400 et
886 3348 983 3413 (Aur.)
1004 3348 1061 3410 5,2
1085 3344 1095 3416 ll

72 3401 402 3488 16llbemprostotonus:
424 3432 441 3491 3
462 3423 526 3487 (pro
545 3424 571 3487 e)
589 3421 741 3492 ptoetenus
761 3419 776 3471 b
796 3417 1035 3486 (emprotoetonici

67 3482 286 3617 fglgoitffitssniei
307 3493 346 3616 Ιὲ).
362 3491 420 3545 cod.
435 3491 538 3558 Ampl.)
562 3491 571 3562 ll
596 3496 665 3543 1594
689 3490 877 3557 opistotonus:
902 3488 1032 3556 epitonue
1052 3489 1067 3541 b
1085 3487 1095 3559 ll

133 3567 148 3615 b
198 3578 299 3618 canus

132 3668 240 3711 Eamus
254 3671 288 3711 erl.
297 3671 377 3710 Reae.
917 3672 933 3720 5
