2422 3998
487 188 655 243 VIATIOUS

62 339 169 398 ordine
192 357 343 399 converso.
380 338 477 415 putris
500 338 586 417 niger
609 339 730 399 abditus
752 341 859 401 humor

61 431 96 488 in
120 448 210 504 vena,
233 429 318 488 ouius
341 429 382 487 fel
405 432 451 488 est
474 447 571 489 comes
596 428 676 504 quod
699 429 774 489 latet
797 433 894 505 extra,

61 517 188 578 maioris
211 519 335 596 generat
358 517 539 577 discrimina.
576 517 695 577 Primus
718 518 846 578 habetur

10 629 41 669 uo
61 608 177 667 indicio
201 607 292 666 faecis
316 608 427 682 epatis,
450 627 520 666 nam
544 610 641 684 spissa
664 626 790 683 superne

61 698 140 758 livet
162 696 230 755 rufa
254 697 303 756 vel
325 696 452 755 inferius
475 697 595 771 rutilat,
618 697 715 775 magis
737 697 833 756 instat

60 790 199 862 tempore
222 788 381 861 nocturno,
404 786 476 844 dum
498 786 583 844 crudi
604 785 753 863 flegmatis
776 787 851 846 hora

63 895 137 936 aera
159 874 305 951 disponit,
329 877 359 933 et
381 876 485 934 eodem
507 878 640 950 tempore
663 895 774 951 parvus

61 967 190 1024 infestat
212 963 392 1040 quandoque
415 968 519 1040 typus,
542 967 626 1023 tenet
648 965 756 1024 ultima
779 964 894 1043 frigdcr

10 1073 41 1115 ee
63 1053 213 1130 corporis,
237 1056 385 1113 extremae
408 1072 496 1114 nares
519 1073 572 1129 pes
595 1054 697 1129 palma
719 1055 843 1114 remisso

63 1145 204 1203 caumate
227 1143 406 1220 frigescunt,
430 1143 531 1202 oculos
555 1143 707 1219 oppressio
731 1143 850 1219 sompni

64 1235 227 1313 aggravat,
250 1232 375 1291 infestat
398 1234 444 1291 ter
467 1250 517 1291 sex
539 1231 701 1292 violentius
724 1233 814 1292 horas

64 1324 97 1380 et
120 1340 171 1380 sex
194 1321 326 1380 declinat
349 1322 497 1400 gravitas,
520 1322 626 1397 pulsus
649 1322 789 1380 muliebri

63 1411 194 1470 mollitie
217 1429 271 1469 nec
295 1428 363 1469 cum
385 1411 481 1470 veloci
503 1410 623 1470 verbere
646 1429 739 1471 venae

10 1521 41 1562 oo
65 1500 197 1559 occurrit
220 1499 332 1578 digitis.
369 1498 461 1558 Medii
484 1503 554 1559 sunt
576 1500 684 1559 nuntia
706 1499 801 1558 livens

64 1591 171 1649 urinae
193 1607 263 1664 pars
288 1607 417 1664 summa,
442 1590 524 1649 color
545 1590 667 1664 rubeus,
691 1588 848 1648 mediocris

64 1679 116 1738 vel
139 1678 289 1738 modicum
312 1677 433 1755 pinguis
458 1678 640 1753 substantia,
663 1681 754 1737 tertia
777 1697 893 1754 semper

65 1770 120 1827 lux
143 1768 278 1845 gravior,
302 1768 417 1826 colerae
441 1767 565 1842 quaevis
589 1767 787 1826 truculentior
809 1768 897 1841 hora,

66 1877 136 1917 cum
158 1858 242 1934 rigor
264 1857 390 1915 infestat
412 1856 559 1931 modicus,
584 1856 648 1916 sitis
673 1857 813 1932 amplior,
836 1857 914 1915 ictus

10 1945 187 2021 anfortior,
211 1946 339 2005 arteriae
363 1945 470 2020 durae,
494 1964 635 2021 sompnus
658 1945 770 2020 brevis,
795 1946 853 2004 oris

65 2053 174 2094 exosus
198 2037 317 2112 gustus,
341 2035 423 2094 calor
445 2036 564 2113 ingene,
587 2037 675 2113 ignea
698 2035 801 2095 vultus

66 2126 173 2185 forma.
210 2125 306 2202 magis
331 2125 469 2183 stimulat
491 2124 582 2184 febris
606 2144 660 2200 per
681 2127 728 2182 ter
751 2122 904 2183 duodenas

66 2215 170 2288 horas,
193 2212 239 2272 bis
264 2213 341 2273 senis
364 2215 435 2288 post
456 2214 560 2273 mitius
584 2214 679 2272 instat
701 2215 733 2271 in
756 2213 845 2272 horis

68 2303 177 2380 Signat
200 2302 383 2361 emitriteum
404 2301 549 2362 maiorem
572 2305 682 2378 quarta
705 2303 860 2362 revolvens

10 2411 45 2451 no
67 2394 97 2451 et
120 2392 269 2468 replicans
292 2394 442 2451 tormenta
466 2392 528 2451 dies
552 2392 723 2451 discrimine
745 2410 867 2469 magno,

66 2484 202 2557 tempore
226 2481 298 2539 dum
321 2481 419 2540 medio
442 2483 541 2540 minus
566 2501 690 2558 aegrum
712 2500 790 2557 pena
812 2481 961 2540 molestat.

67 2573 124 2630 aut
146 2571 224 2630 viret
246 2571 334 2628 urina
358 2571 406 2629 vel
429 2589 497 2629 cum
520 2571 675 2648 nigredine
700 2589 826 2648 vergens

142 2744 210 2793 2287
230 2741 326 2823 putrix
350 2741 365 2794 0
386 2743 390 2808 Ι
411 2738 526 2794 abditus
546 2741 573 2794 0
597 2739 712 2792 additur
734 2740 753 2793 0
774 2739 784 2810 ΗΗ
808 2744 877 2793 2288
902 2739 1030 2793 invenat9
1049 2739 1088 2793 fel

68 2813 112 2866 est
131 2827 224 2865 comcs
244 2812 272 2865 0
296 2813 327 2864 in
345 2827 416 2864 vena
439 2812 518 2865 ouius
543 2826 635 2864 comes
659 2813 702 2864 est
722 2810 798 2865 feld
820 2810 830 2882 Η)
853 2810 1087 2879 2295011111αο

67 2882 196 2953 pulmob
215 2881 224 2953 ΗΗ
243 2887 313 2936 2298
327 2882 470 2936 muliebri:
486 2882 632 2936 muliebris
647 2882 683 2936 00
697 2884 741 2951 (cf.
756 2883 809 2953 Ep.
820 2883 894 2950 pulc
907 2884 971 2951 228)
989 2881 999 2953 ΗΗ
1018 2887 1087 2936 2301

67 2970 135 3024 pars
159 2970 269 3007 summa
292 2955 323 3007 d:
348 2954 451 3008 citrina
476 2955 491 3008 0
514 2953 548 3036 ΗΗ
547 2958 615 3007 2302
640 2951 803 3007 substancia
826 2954 856 3007 d:
881 2953 944 3006 fusa
967 2953 1017 3007 sed
1032 2953 1088 3079 οΗ

68 3030 140 3079 2303
164 3025 292 3093 quaevis:
317 3024 469 3093 quavisd‚
494 3041 547 3092 que
570 3025 640 3079 levis
664 3026 680 3078 0
702 3024 712 3096 Η)
736 3024 935 3079 230οο11101
960 3024 1053 3078 ..horis

69 3099 119 3168 (sic
137 3113 200 3151 cum
218 3097 237 3148 h
252 3098 365 3165 punctis
383 3097 499 3163 incluso)
518 3096 528 3168 Η)
547 3097 643 3149 2306
634 3112 720 3165 ignea
739 3097 767 3150 b:
787 3096 925 3165 nigraque
939 3096 958 3149 0
973 3097 1017 3164 (cf.
1033 3095 1088 3148 oris

68 3168 163 3222 vivida
184 3169 276 3221 forma
298 3186 322 3222 11.
337 3171 418 3233 2333)
442 3168 451 3239 ΗΗ
475 3172 544 3221 2307
569 3166 695 3222 febribus
718 3169 770 3237 ptu
791 3168 819 3232 0,
844 3166 930 3220 febris
953 3169 1048 3235 preter
1070 3168 1090 3220 0

69 3243 131 3310 (per
153 3242 197 3293 ter
219 3240 301 3307 Dar.)
325 3241 360 3306 cf.
380 3241 453 3293 Plct.
478 3241 540 3308 (Ic.)
564 3238 681 3292 XXXVI
704 3240 787 3292 horas
812 3237 900 3292 habet
925 3239 955 3291 in
980 3255 1088 3292 summo

68 3345 173 3401 labore.
211 3346 289 3399 XII
280 3365 310 3399 m
329 3345 402 3399 falsa
425 3346 520 3413 quiete
542 3344 552 3416 Η
576 3350 645 3399 2309
665 3348 766 3414 quarta
790 3328 921 3415 (qrtalbz
946 3345 1089 3414 geminata

68 3418 416 3490 0()Η)2310111111100111
436 3417 465 3471 d:
486 3418 621 3487 reputans
640 3419 656 3471 b
674 3418 684 3490 (Η
703 3423 772 3471 2312
792 3419 841 3470 aut
854 3417 926 3470 viret
944 3417 1026 3469 urina
1044 3416 1089 3471 vel

69 3508 135 3544 cum
160 3490 307 3559 nigredine
332 3492 393 3558 mg
417 3490 507 3557 (elc=
521 3488 610 3557 niger)
635 3490 650 3543 b
675 3489 748 3556 (fort
768 3505 791 3542 c
811 3507 836 3541 n
856 3504 974 3558 vergens
999 3488 1034 3554 cf.
1055 3488 1089 3543 de

69 3562 158 3617 colore
186 3562 271 3615 1111101
298 3568 348 3615 cut
374 3577 454 3630 capro
481 3566 603 3629 1111911111
626 3561 823 3630 0001111111
843 3560 882 3614 ad
904 3577 946 3614 111.
965 3563 1020 3614 206
1047 3560 1087 3614 ed.
