<?xml version="1.0" encoding="UTF-8"?>
<!DOCTYPE html PUBLIC "-//W3C//DTD XHTML 1.0 Transitional//EN"
    "http://www.w3.org/TR/xhtml1/DTD/xhtml1-transitional.dtd">
<html xmlns="http://www.w3.org/1999/xhtml" xml:lang="en" lang="en">
 <head>
  <title>
</title>
<meta http-equiv="Content-Type" content="text/html;charset=utf-8" />
  <meta name='ocr-system' content='tesseract 3.04.00' />
  <meta name='ocr-capabilities' content='ocr_page ocr_carea ocr_par ocr_line ocrx_word'/>
</head>
<body>
  <div class='ocr_page' id='page_1' title='image "./egidiicorbolien01rosegoog_0023.png"; bbox 0 0 2422 3998; ppageno 0'>
   <div class='ocr_carea' id='block_1_1' title="bbox 91 178 180 235">
    <p class='ocr_par' dir='ltr' id='par_1_1' title="bbox 91 178 180 235">
     <span class='ocr_line' id='line_1_1' title="bbox 91 178 180 235; baseline -0.045 0"><span class='ocrx_word' id='word_1_1' title='bbox 91 178 180 235; x_wconf 78' lang='lat' dir='ltr'>Xl&#39;lll</span> 
     </span>
    </p>
   </div>
   <div class='ocr_carea' id='block_1_2' title="bbox 91 328 1119 3620">
    <p class='ocr_par' dir='ltr' id='par_1_2' title="bbox 91 328 1112 1033">
     <span class='ocr_line' id='line_1_2' title="bbox 139 328 1112 408; baseline 0.013 -25"><span class='ocrx_word' id='word_1_2' title='bbox 139 328 370 389; x_wconf 74' lang='lat' dir='ltr'>‚Communium</span> <span class='ocrx_word' id='word_1_3' title='bbox 398 332 499 389; x_wconf 87' lang='lat' dir='ltr'>autem</span> <span class='ocrx_word' id='word_1_4' title='bbox 528 330 673 408; x_wconf 88' lang='lat' dir='ltr'>epistolae</span> <span class='ocrx_word' id='word_1_5' title='bbox 700 335 733 393; x_wconf 92' lang='lat' dir='ltr'>in</span> <span class='ocrx_word' id='word_1_6' title='bbox 760 335 818 397; x_wconf 91' lang='lat' dir='ltr'>hoc</span> <span class='ocrx_word' id='word_1_7' title='bbox 841 338 939 397; x_wconf 88' lang='lat' dir='ltr'>codice</span> <span class='ocrx_word' id='word_1_8' title='bbox 961 338 1112 396; x_wconf 87' lang='lat' dir='ltr'>adiectum</span> 
     </span>
     <span class='ocr_line' id='line_1_3' title="bbox 92 412 1112 495; baseline 0.008 -20"><span class='ocrx_word' id='word_1_9' title='bbox 92 419 134 479; x_wconf 86' lang='lat' dir='ltr'>sic</span> <span class='ocrx_word' id='word_1_10' title='bbox 163 419 271 495; x_wconf 90' lang='lat' dir='ltr'>incipit</span> <span class='ocrx_word' id='word_1_11' title='bbox 298 412 443 478; x_wconf 66' lang='lat' dir='ltr'>‘Materia</span> <span class='ocrx_word' id='word_1_12' title='bbox 472 420 561 483; x_wconf 87' lang='lat' dir='ltr'>huius</span> <span class='ocrx_word' id='word_1_13' title='bbox 589 421 661 482; x_wconf 88' lang='lat' dir='ltr'>libri</span> <span class='ocrx_word' id='word_1_14' title='bbox 688 427 761 484; x_wconf 88' lang='lat' dir='ltr'>sunt</span> <span class='ocrx_word' id='word_1_15' title='bbox 787 423 934 485; x_wconf 76' lang='lat' dir='ltr'><strong>utensilia.</strong></span> <span class='ocrx_word' id='word_1_16' title='bbox 972 420 1112 483; x_wconf 76' lang='lat' dir='ltr'><strong>Intentio</strong></span> 
     </span>
     <span class='ocr_line' id='line_1_4' title="bbox 93 507 1108 591; baseline 0.002 -25"><span class='ocrx_word' id='word_1_17' title='bbox 93 510 194 567; x_wconf 72' lang='lat' dir='ltr'>uutnn</span> <span class='ocrx_word' id='word_1_18' title='bbox 208 510 253 567; x_wconf 90' lang='lat' dir='ltr'>est</span> <span class='ocrx_word' id='word_1_19' title='bbox 267 508 442 567; x_wconf 76' lang='lat' dir='ltr'><strong>utensilium</strong></span> <span class='ocrx_word' id='word_1_20' title='bbox 456 527 605 571; x_wconf 86' lang='lat' dir='ltr'>summam</span> <span class='ocrx_word' id='word_1_21' title='bbox 620 511 768 591; x_wconf 77' lang='lat' dir='ltr'>colligere.</span> <span class='ocrx_word' id='word_1_22' title='bbox 792 509 910 571; x_wconf 77' lang='lat' dir='ltr'>Utilitas</span> <span class='ocrx_word' id='word_1_23' title='bbox 926 507 972 565; x_wconf 88' lang='lat' dir='ltr'>est</span> <span class='ocrx_word' id='word_1_24' title='bbox 983 510 1108 568; x_wconf 86' lang='lat' dir='ltr'>nomina</span> 
     </span>
     <span class='ocr_line' id='line_1_5' title="bbox 91 593 1105 675; baseline 0 -20"><span class='ocrx_word' id='word_1_25' title='bbox 91 596 267 657; x_wconf 76' lang='lat' dir='ltr'>utensilium</span> <span class='ocrx_word' id='word_1_26' title='bbox 295 616 480 675; x_wconf 84' lang='lat' dir='ltr'>cognoscere.</span> <span class='ocrx_word' id='word_1_27' title='bbox 518 600 639 662; x_wconf 81' lang='lat' dir='ltr'>Titulus</span> <span class='ocrx_word' id='word_1_28' title='bbox 668 601 739 662; x_wconf 83' lang='lat' dir='ltr'>talis</span> <span class='ocrx_word' id='word_1_29' title='bbox 768 600 812 659; x_wconf 85' lang='lat' dir='ltr'>est</span> <span class='ocrx_word' id='word_1_30' title='bbox 836 593 948 671; x_wconf 82' lang='lat' dir='ltr'>Incipit</span> <span class='ocrx_word' id='word_1_31' title='bbox 978 597 1105 672; x_wconf 88' lang='lat' dir='ltr'>epistola</span> 
     </span>
     <span class='ocr_line' id='line_1_6' title="bbox 92 685 1105 773; baseline -0.001 -28"><span class='ocrx_word' id='word_1_32' title='bbox 92 686 230 764; x_wconf 80' lang='lat' dir='ltr'>magistri</span> <span class='ocrx_word' id='word_1_33' title='bbox 248 686 304 747; x_wconf 89' lang='lat' dir='ltr'>ade</span> <span class='ocrx_word' id='word_1_34' title='bbox 324 686 360 747; x_wconf 92' lang='lat' dir='ltr'>de</span> <span class='ocrx_word' id='word_1_35' title='bbox 377 706 470 765; x_wconf 88' lang='lat' dir='ltr'>parvo</span> <span class='ocrx_word' id='word_1_36' title='bbox 488 685 593 764; x_wconf 88' lang='lat' dir='ltr'>ponte&#39;</span> <span class='ocrx_word' id='word_1_37' title='bbox 607 693 662 751; x_wconf 89' lang='lat' dir='ltr'>etc.</span> <span class='ocrx_word' id='word_1_38' title='bbox 676 693 711 749; x_wconf 90' lang='lat' dir='ltr'>ut</span> <span class='ocrx_word' id='word_1_39' title='bbox 727 701 825 761; x_wconf 85' lang='lat' dir='ltr'>supra.</span> <span class='ocrx_word' id='word_1_40' title='bbox 848 703 926 760; x_wconf 90' lang='lat' dir='ltr'>quae</span> <span class='ocrx_word' id='word_1_41' title='bbox 944 685 977 742; x_wconf 92' lang='lat' dir='ltr'>in</span> <span class='ocrx_word' id='word_1_42' title='bbox 995 704 1105 773; x_wconf 87' lang='lat' dir='ltr'>memo·</span> 
     </span>
     <span class='ocr_line' id='line_1_7' title="bbox 92 772 1109 840; baseline -0.001 -6"><span class='ocrx_word' id='word_1_43' title='bbox 92 777 169 834; x_wconf 87' lang='lat' dir='ltr'>riam</span> <span class='ocrx_word' id='word_1_44' title='bbox 199 781 344 837; x_wconf 86' lang='lat' dir='ltr'>revocant</span> <span class='ocrx_word' id='word_1_45' title='bbox 365 777 529 837; x_wconf 83' lang='lat' dir='ltr'>Alexandri</span> <span class='ocrx_word' id='word_1_46' title='bbox 559 798 628 840; x_wconf 91' lang='lat' dir='ltr'>cum</span> <span class='ocrx_word' id='word_1_47' title='bbox 656 773 818 838; x_wconf 87' lang='lat' dir='ltr'>commento</span> <span class='ocrx_word' id='word_1_48' title='bbox 849 772 943 832; x_wconf 87' lang='lat' dir='ltr'>simili</span> <span class='ocrx_word' id='word_1_49' title='bbox 973 775 1109 834; x_wconf 87' lang='lat' dir='ltr'>libellum</span> 
     </span>
     <span class='ocr_line' id='line_1_8' title="bbox 93 856 1109 947; baseline 0 -24"><span class='ocrx_word' id='word_1_50' title='bbox 93 864 204 925; x_wconf 88' lang='lat' dir='ltr'>eisdem</span> <span class='ocrx_word' id='word_1_51' title='bbox 220 865 371 927; x_wconf 73' lang='lat' dir='ltr'>codicibus</span> <span class='ocrx_word' id='word_1_52' title='bbox 386 867 632 944; x_wconf 90' lang='lat' dir='ltr'>comprehensum</span> <span class='ocrx_word' id='word_1_53' title='bbox 644 858 694 947; x_wconf 82' lang='lat' dir='ltr'>(cf.</span> <span class='ocrx_word' id='word_1_54' title='bbox 704 861 766 923; x_wconf 78' lang='lat' dir='ltr'>nrf.</span> <span class='ocrx_word' id='word_1_55' title='bbox 776 859 917 938; x_wconf 84' lang='lat' dir='ltr'>Amplon.</span> <span class='ocrx_word' id='word_1_56' title='bbox 932 866 990 922; x_wconf 91' lang='lat' dir='ltr'>oct.</span> <span class='ocrx_word' id='word_1_57' title='bbox 1002 866 1054 939; x_wconf 87' lang='grc'>12,</span> <span class='ocrx_word' id='word_1_58' title='bbox 1066 856 1109 945; x_wconf 89' lang='grc'>2).</span> 
     </span>
     <span class='ocr_line' id='line_1_9' title="bbox 93 951 1111 1033; baseline -0.001 -20"><span class='ocrx_word' id='word_1_59' title='bbox 93 955 155 1015; x_wconf 91' lang='lat' dir='ltr'>iam</span> <span class='ocrx_word' id='word_1_60' title='bbox 171 974 294 1032; x_wconf 86' lang='lat' dir='ltr'>excerpo</span> <span class='ocrx_word' id='word_1_61' title='bbox 309 974 344 1015; x_wconf 88' lang='lat' dir='ltr'>ax</span> <span class='ocrx_word' id='word_1_62' title='bbox 352 953 437 1015; x_wconf 82' lang='lat' dir='ltr'>Adae</span> <span class='ocrx_word' id='word_1_63' title='bbox 451 955 580 1033; x_wconf 90' lang='lat' dir='ltr'>epistola</span> <span class='ocrx_word' id='word_1_64' title='bbox 594 972 669 1032; x_wconf 89' lang='lat' dir='ltr'>quaa</span> <span class='ocrx_word' id='word_1_65' title='bbox 682 951 833 1011; x_wconf 90' lang='lat' dir='ltr'>hominem</span> <span class='ocrx_word' id='word_1_66' title='bbox 841 956 1013 1012; x_wconf 90' lang='lat' dir='ltr'>monstrant</span> <span class='ocrx_word' id='word_1_67' title='bbox 1021 954 1111 1013; x_wconf 88' lang='lat' dir='ltr'>haec:</span> 
     </span>
    </p>

    <p class='ocr_par' dir='ltr' id='par_1_3' title="bbox 139 1036 1117 2723">
     <span class='ocr_line' id='line_1_10' title="bbox 139 1036 1112 1124; baseline -0.003 -20"><span class='ocrx_word' id='word_1_68' title='bbox 139 1045 160 1105; x_wconf 87' lang='lat' dir='ltr'>f.</span> <span class='ocrx_word' id='word_1_69' title='bbox 182 1046 295 1104; x_wconf 73' lang='lat' dir='ltr'>nouat</span> <span class='ocrx_word' id='word_1_70' title='bbox 326 1036 463 1122; x_wconf 82' lang='lat' dir='ltr'>(Scheler</span> <span class='ocrx_word' id='word_1_71' title='bbox 489 1066 518 1122; x_wconf 90' lang='lat' dir='ltr'>p.</span> <span class='ocrx_word' id='word_1_72' title='bbox 539 1036 595 1124; x_wconf 81' lang='lat'>79)</span> <span class='ocrx_word' id='word_1_73' title='bbox 623 1037 806 1102; x_wconf 76' lang='lat' dir='ltr'>‘Inroeunri</span> <span class='ocrx_word' id='word_1_74' title='bbox 834 1042 1029 1102; x_wconf 88' lang='lat' dir='ltr'>occurrebant</span> <span class='ocrx_word' id='word_1_75' title='bbox 1057 1044 1112 1120; x_wconf 91' lang='lat' dir='ltr'>qui</span> 
     </span>
     <span class='ocr_line' id='line_1_11' title="bbox 185 1121 1111 1209; baseline -0.002 -16"><span class='ocrx_word' id='word_1_76' title='bbox 185 1153 232 1193; x_wconf 90' lang='lat' dir='ltr'>me</span> <span class='ocrx_word' id='word_1_77' title='bbox 250 1151 376 1209; x_wconf 89' lang='lat' dir='ltr'>puerum</span> <span class='ocrx_word' id='word_1_78' title='bbox 391 1131 531 1195; x_wconf 88' lang='lat' dir='ltr'>viderant</span> <span class='ocrx_word' id='word_1_79' title='bbox 549 1150 626 1191; x_wconf 91' lang='lat' dir='ltr'>anno</span> <span class='ocrx_word' id='word_1_80' title='bbox 645 1121 721 1189; x_wconf 85' lang='lat' dir='ltr'>XH⁰</span> <span class='ocrx_word' id='word_1_81' title='bbox 736 1134 934 1192; x_wconf 88' lang='lat' dir='ltr'>revertentem</span> <span class='ocrx_word' id='word_1_82' title='bbox 950 1132 1111 1191; x_wconf 75' lang='lat' dir='ltr'>visitantes</span> 
     </span>
     <span class='ocr_line' id='line_1_12' title="bbox 184 1218 1113 1301; baseline -0.002 -19"><span class='ocrx_word' id='word_1_83' title='bbox 184 1224 280 1301; x_wconf 91' lang='lat' dir='ltr'>primo</span> <span class='ocrx_word' id='word_1_84' title='bbox 310 1222 418 1283; x_wconf 87' lang='lat' dir='ltr'>fratres</span> <span class='ocrx_word' id='word_1_85' title='bbox 448 1219 583 1299; x_wconf 82' lang='lat' dir='ltr'>germani</span> <span class='ocrx_word' id='word_1_86' title='bbox 611 1221 643 1280; x_wconf 88' lang='lat' dir='ltr'>et</span> <span class='ocrx_word' id='word_1_87' title='bbox 671 1218 762 1278; x_wconf 87' lang='lat' dir='ltr'>nothi.</span> <span class='ocrx_word' id='word_1_88' title='bbox 811 1240 882 1280; x_wconf 90' lang='lat' dir='ltr'>nam</span> <span class='ocrx_word' id='word_1_89' title='bbox 914 1222 1047 1279; x_wconf 88' lang='lat' dir='ltr'>uterinos</span> <span class='ocrx_word' id='word_1_90' title='bbox 1081 1223 1113 1280; x_wconf 89' lang='lat' dir='ltr'>et</span> 
     </span>
     <span class='ocr_line' id='line_1_13' title="bbox 183 1309 1112 1388; baseline -0.002 -17"><span class='ocrx_word' id='word_1_91' title='bbox 183 1309 301 1388; x_wconf 88' lang='lat' dir='ltr'>spurios</span> <span class='ocrx_word' id='word_1_92' title='bbox 325 1312 355 1370; x_wconf 91' lang='lat' dir='ltr'>et</span> <span class='ocrx_word' id='word_1_93' title='bbox 380 1310 517 1370; x_wconf 80' lang='lat' dir='ltr'>favonios</span> <span class='ocrx_word' id='word_1_94' title='bbox 547 1309 652 1369; x_wconf 84' lang='lat' dir='ltr'>matria</span> <span class='ocrx_word' id='word_1_95' title='bbox 682 1311 875 1387; x_wconf 85' lang='lat' dir='ltr'>monogamia</span> <span class='ocrx_word' id='word_1_96' title='bbox 907 1309 1112 1385; x_wconf 88' lang='lat' dir='ltr'>prohibuerat.</span> 
     </span>
     <span class='ocr_line' id='line_1_14' title="bbox 183 1398 1112 1475; baseline -0.004 -15"><span class='ocrx_word' id='word_1_97' title='bbox 183 1399 289 1460; x_wconf 92' lang='lat' dir='ltr'>deinde</span> <span class='ocrx_word' id='word_1_98' title='bbox 311 1402 343 1459; x_wconf 89' lang='lat' dir='ltr'>et</span> <span class='ocrx_word' id='word_1_99' title='bbox 364 1399 542 1460; x_wconf 86' lang='lat' dir='ltr'>consobrini.</span> <span class='ocrx_word' id='word_1_100' title='bbox 573 1398 725 1474; x_wconf 78' lang='lat' dir='ltr'>patrueles</span> <span class='ocrx_word' id='word_1_101' title='bbox 753 1398 797 1457; x_wconf 91' lang='lat' dir='ltr'>ibi</span> <span class='ocrx_word' id='word_1_102' title='bbox 824 1400 1003 1475; x_wconf 88' lang='lat' dir='ltr'>reliqueram</span> <span class='ocrx_word' id='word_1_103' title='bbox 1031 1399 1112 1458; x_wconf 88' lang='lat' dir='ltr'>unde</span> 
     </span>
     <span class='ocr_line' id='line_1_15' title="bbox 182 1479 1113 1568; baseline -0.001 -20"><span class='ocrx_word' id='word_1_104' title='bbox 182 1506 329 1548; x_wconf 87' lang='lat' dir='ltr'>veneram.</span> <span class='ocrx_word' id='word_1_105' title='bbox 366 1488 523 1549; x_wconf 70' lang='lat' dir='ltr'>batruclee</span> <span class='ocrx_word' id='word_1_106' title='bbox 543 1479 625 1568; x_wconf 90' lang='lat' dir='ltr'>(cum</span> <span class='ocrx_word' id='word_1_107' title='bbox 649 1487 688 1566; x_wconf 86' lang='lat' dir='ltr'>gl.</span> <span class='ocrx_word' id='word_1_108' title='bbox 705 1481 778 1547; x_wconf 78' lang='lat' dir='ltr'>‘filii</span> <span class='ocrx_word' id='word_1_109' title='bbox 800 1482 990 1568; x_wconf 89' lang='lat' dir='ltr'>matertere&#39;)</span> <span class='ocrx_word' id='word_1_110' title='bbox 1009 1491 1113 1547; x_wconf 90' lang='lat' dir='ltr'>autem</span> 
     </span>
     <span class='ocr_line' id='line_1_16' title="bbox 181 1577 1112 1654; baseline 0.003 -20"><span class='ocrx_word' id='word_1_111' title='bbox 181 1578 341 1636; x_wconf 88' lang='lat' dir='ltr'>matertere</span> <span class='ocrx_word' id='word_1_112' title='bbox 369 1578 493 1637; x_wconf 87' lang='lat' dir='ltr'>castitas</span> <span class='ocrx_word' id='word_1_113' title='bbox 521 1594 581 1636; x_wconf 90' lang='lat' dir='ltr'>non</span> <span class='ocrx_word' id='word_1_114' title='bbox 604 1577 781 1636; x_wconf 88' lang='lat' dir='ltr'>contulerat.</span> <span class='ocrx_word' id='word_1_115' title='bbox 813 1580 964 1653; x_wconf 86' lang='lat' dir='ltr'>postremo</span> <span class='ocrx_word' id='word_1_116' title='bbox 987 1580 1112 1654; x_wconf 89' lang='lat' dir='ltr'>nepotes</span> 
     </span>
     <span class='ocr_line' id='line_1_17' title="bbox 182 1664 1113 1743; baseline 0.001 -19"><span class='ocrx_word' id='word_1_117' title='bbox 182 1667 213 1724; x_wconf 88' lang='lat' dir='ltr'>at</span> <span class='ocrx_word' id='word_1_118' title='bbox 236 1664 359 1725; x_wconf 90' lang='lat' dir='ltr'>sobrini.</span> <span class='ocrx_word' id='word_1_119' title='bbox 389 1666 496 1724; x_wconf 88' lang='lat' dir='ltr'>horum</span> <span class='ocrx_word' id='word_1_120' title='bbox 519 1667 621 1725; x_wconf 87' lang='lat' dir='ltr'>autem</span> <span class='ocrx_word' id='word_1_121' title='bbox 644 1667 698 1743; x_wconf 91' lang='lat' dir='ltr'>qui</span> <span class='ocrx_word' id='word_1_122' title='bbox 720 1666 795 1724; x_wconf 89' lang='lat' dir='ltr'>mihi</span> <span class='ocrx_word' id='word_1_123' title='bbox 813 1666 878 1726; x_wconf 89' lang='lat' dir='ltr'>noti</span> <span class='ocrx_word' id='word_1_124' title='bbox 897 1667 1017 1725; x_wconf 83' lang='lat' dir='ltr'>fuerant</span> <span class='ocrx_word' id='word_1_125' title='bbox 1036 1667 1113 1725; x_wconf 90' lang='lat' dir='ltr'>alios</span> 
     </span>
     <span class='ocr_line' id='line_1_18' title="bbox 183 1753 1113 1815; baseline 0 -2"><span class='ocrx_word' id='word_1_126' title='bbox 183 1753 346 1813; x_wconf 88' lang='lat' dir='ltr'>secundum</span> <span class='ocrx_word' id='word_1_127' title='bbox 372 1755 534 1814; x_wconf 87' lang='lat' dir='ltr'>stematum</span> <span class='ocrx_word' id='word_1_128' title='bbox 562 1755 782 1815; x_wconf 85' lang='lat' dir='ltr'>distinctionem</span> <span class='ocrx_word' id='word_1_129' title='bbox 806 1755 989 1815; x_wconf 89' lang='lat' dir='ltr'>indicabant.</span> <span class='ocrx_word' id='word_1_130' title='bbox 1023 1756 1113 1815; x_wconf 87' lang='lat' dir='ltr'>collo-</span> 
     </span>
     <span class='ocr_line' id='line_1_19' title="bbox 183 1839 1110 1922; baseline 0 -20"><span class='ocrx_word' id='word_1_131' title='bbox 183 1842 302 1918; x_wconf 87' lang='lat' dir='ltr'>quendo</span> <span class='ocrx_word' id='word_1_132' title='bbox 337 1842 586 1922; x_wconf 84' lang='lat' dir='ltr'>pertransivimus</span> <span class='ocrx_word' id='word_1_133' title='bbox 619 1839 819 1905; x_wconf 88' lang='lat' dir='ltr'>vestibulum&#39;</span> <span class='ocrx_word' id='word_1_134' title='bbox 844 1891 850 1904; x_wconf 94' lang='lat'>.</span> <span class='ocrx_word' id='word_1_135' title='bbox 871 1890 904 1904; x_wconf 92' lang='lat'>..</span> <span class='ocrx_word' id='word_1_136' title='bbox 946 1845 967 1903; x_wconf 90' lang='lat' dir='ltr'>f.</span> <span class='ocrx_word' id='word_1_137' title='bbox 992 1847 1110 1904; x_wconf 74' lang='lat' dir='ltr'>sorar</span> 
     </span>
     <span class='ocr_line' id='line_1_20' title="bbox 183 1924 1113 2016; baseline 0 -25"><span class='ocrx_word' id='word_1_138' title='bbox 183 1926 266 2012; x_wconf 84' lang='lat' dir='ltr'>(Sch.</span> <span class='ocrx_word' id='word_1_139' title='bbox 280 1954 310 2010; x_wconf 91' lang='lat' dir='ltr'>p.</span> <span class='ocrx_word' id='word_1_140' title='bbox 326 1924 383 2016; x_wconf 88' lang='grc'>80)</span> <span class='ocrx_word' id='word_1_141' title='bbox 401 1926 578 2011; x_wconf 74' lang='lat' dir='ltr'>‘penicioras</span> <span class='ocrx_word' id='word_1_142' title='bbox 598 1932 704 1994; x_wconf 86' lang='lat' dir='ltr'>deinde</span> <span class='ocrx_word' id='word_1_143' title='bbox 723 1934 826 1994; x_wconf 89' lang='lat' dir='ltr'>domos</span> <span class='ocrx_word' id='word_1_144' title='bbox 851 1934 924 1993; x_wconf 90' lang='lat' dir='ltr'>adeo</span> <span class='ocrx_word' id='word_1_145' title='bbox 944 1937 975 1991; x_wconf 90' lang='lat' dir='ltr'>et</span> <span class='ocrx_word' id='word_1_146' title='bbox 996 1953 1061 1993; x_wconf 90' lang='lat' dir='ltr'>ecce</span> <span class='ocrx_word' id='word_1_147' title='bbox 1081 1935 1113 1992; x_wconf 93' lang='lat' dir='ltr'>in</span> 
     </span>
     <span class='ocr_line' id='line_1_21' title="bbox 186 2021 1115 2099; baseline 0.002 -19"><span class='ocrx_word' id='word_1_148' title='bbox 186 2021 303 2083; x_wconf 88' lang='lat' dir='ltr'>ablacte</span> <span class='ocrx_word' id='word_1_149' title='bbox 330 2024 435 2085; x_wconf 87' lang='lat' dir='ltr'>matris</span> <span class='ocrx_word' id='word_1_150' title='bbox 464 2021 558 2082; x_wconf 89' lang='lat' dir='ltr'>incidi</span> <span class='ocrx_word' id='word_1_151' title='bbox 585 2042 679 2083; x_wconf 87' lang='lat' dir='ltr'>naxus</span> <span class='ocrx_word' id='word_1_152' title='bbox 707 2025 755 2083; x_wconf 90' lang='lat' dir='ltr'>vel</span> <span class='ocrx_word' id='word_1_153' title='bbox 785 2024 948 2099; x_wconf 90' lang='lat' dir='ltr'>amplexus.</span> <span class='ocrx_word' id='word_1_154' title='bbox 985 2025 1115 2082; x_wconf 82' lang='lat' dir='ltr'>occurrit</span> 
     </span>
     <span class='ocr_line' id='line_1_22' title="bbox 186 2106 1114 2192; baseline 0.001 -22"><span class='ocrx_word' id='word_1_155' title='bbox 186 2114 289 2172; x_wconf 86' lang='lat' dir='ltr'>autem</span> <span class='ocrx_word' id='word_1_156' title='bbox 312 2130 378 2173; x_wconf 86' lang='lat' dir='ltr'>cum</span> <span class='ocrx_word' id='word_1_157' title='bbox 402 2113 485 2192; x_wconf 80' lang='lat' dir='ltr'>glore</span> <span class='ocrx_word' id='word_1_158' title='bbox 507 2129 575 2172; x_wconf 90' lang='lat' dir='ltr'>mea</span> <span class='ocrx_word' id='word_1_159' title='bbox 599 2115 630 2171; x_wconf 90' lang='lat' dir='ltr'>et</span> <span class='ocrx_word' id='word_1_160' title='bbox 653 2106 779 2185; x_wconf 75' lang='lat' dir='ltr'>&lt;‘cum&#39;</span> <span class='ocrx_word' id='word_1_161' title='bbox 802 2113 854 2186; x_wconf 89' lang='lat' dir='ltr'>B&gt;</span> <span class='ocrx_word' id='word_1_162' title='bbox 879 2111 976 2171; x_wconf 87' lang='lat' dir='ltr'>adhuc</span> <span class='ocrx_word' id='word_1_163' title='bbox 998 2113 1114 2172; x_wconf 89' lang='lat' dir='ltr'>investe</span> 
     </span>
     <span class='ocr_line' id='line_1_23' title="bbox 185 2194 1114 2283; baseline 0.001 -24"><span class='ocrx_word' id='word_1_164' title='bbox 185 2194 288 2281; x_wconf 70' lang='lat' dir='ltr'>(-³tis’</span> <span class='ocrx_word' id='word_1_165' title='bbox 302 2195 343 2283; x_wconf 83' lang='lat' dir='ltr'>G)</span> <span class='ocrx_word' id='word_1_166' title='bbox 366 2203 528 2263; x_wconf 83' lang='lat' dir='ltr'>matertera</span> <span class='ocrx_word' id='word_1_167' title='bbox 550 2203 661 2262; x_wconf 89' lang='lat' dir='ltr'>sororis</span> <span class='ocrx_word' id='word_1_168' title='bbox 684 2221 748 2260; x_wconf 91' lang='lat' dir='ltr'>mee</span> <span class='ocrx_word' id='word_1_169' title='bbox 771 2202 858 2279; x_wconf 85' lang='lat' dir='ltr'>galus</span> <span class='ocrx_word' id='word_1_170' title='bbox 882 2201 997 2279; x_wconf 91' lang='lat' dir='ltr'>etipsa</span> <span class='ocrx_word' id='word_1_171' title='bbox 1016 2202 1114 2261; x_wconf 90' lang='lat' dir='ltr'>adhuc</span> 
     </span>
     <span class='ocr_line' id='line_1_24' title="bbox 183 2289 1115 2368; baseline 0.003 -21"><span class='ocrx_word' id='word_1_172' title='bbox 183 2289 318 2349; x_wconf 88' lang='lat' dir='ltr'>investis.</span> <span class='ocrx_word' id='word_1_173' title='bbox 358 2308 450 2367; x_wconf 87' lang='lat' dir='ltr'>quam</span> <span class='ocrx_word' id='word_1_174' title='bbox 482 2292 577 2350; x_wconf 85' lang='lat' dir='ltr'>cetere</span> <span class='ocrx_word' id='word_1_175' title='bbox 611 2289 691 2368; x_wconf 87' lang='lat' dir='ltr'>quod</span> <span class='ocrx_word' id='word_1_176' title='bbox 719 2309 771 2349; x_wconf 92' lang='lat' dir='ltr'>me</span> <span class='ocrx_word' id='word_1_177' title='bbox 807 2293 846 2348; x_wconf 89' lang='lat' dir='ltr'>ut</span> <span class='ocrx_word' id='word_1_178' title='bbox 880 2291 915 2349; x_wconf 89' lang='lat' dir='ltr'>in</span> <span class='ocrx_word' id='word_1_179' title='bbox 949 2292 1115 2367; x_wconf 88' lang='lat' dir='ltr'>puericia</span> 
     </span>
     <span class='ocr_line' id='line_1_25' title="bbox 185 2374 1114 2459; baseline 0 -21"><span class='ocrx_word' id='word_1_180' title='bbox 185 2382 427 2439; x_wconf 88' lang='lat' dir='ltr'>consueverat</span> <span class='ocrx_word' id='word_1_181' title='bbox 464 2378 566 2439; x_wconf 91' lang='lat' dir='ltr'>adam</span> <span class='ocrx_word' id='word_1_182' title='bbox 606 2380 868 2440; x_wconf 88' lang='lat' dir='ltr'>balsamenssm</span> <span class='ocrx_word' id='word_1_183' title='bbox 906 2374 955 2459; x_wconf 78' lang='lat' dir='ltr'>(‘i.</span> <span class='ocrx_word' id='word_1_184' title='bbox 980 2375 1114 2440; x_wconf 90' lang='lat' dir='ltr'>dulcem&#39;</span> 
     </span>
     <span class='ocr_line' id='line_1_26' title="bbox 185 2462 1117 2548; baseline 0.003 -24"><span class='ocrx_word' id='word_1_185' title='bbox 185 2467 226 2546; x_wconf 84' lang='lat' dir='ltr'>gl.</span> <span class='ocrx_word' id='word_1_186' title='bbox 244 2462 285 2548; x_wconf 90' lang='lat' dir='ltr'>B)</span> <span class='ocrx_word' id='word_1_187' title='bbox 319 2469 526 2547; x_wconf 86' lang='lat' dir='ltr'>appellaret</span> <span class='ocrx_word' id='word_1_188' title='bbox 557 2488 620 2527; x_wconf 87' lang='lat' dir='ltr'>nec</span> <span class='ocrx_word' id='word_1_189' title='bbox 652 2468 858 2547; x_wconf 84' lang='lat' dir='ltr'>magisterii</span> <span class='ocrx_word' id='word_1_190' title='bbox 896 2487 1021 2527; x_wconf 89' lang='lat' dir='ltr'>nomen</span> <span class='ocrx_word' id='word_1_191' title='bbox 1055 2469 1117 2528; x_wconf 61' lang='lat' dir='ltr'>ad?</span> 
     </span>
     <span class='ocr_line' id='line_1_27' title="bbox 184 2556 1114 2636; baseline 0.002 -20"><span class='ocrx_word' id='word_1_192' title='bbox 184 2556 300 2617; x_wconf 86' lang='lat' dir='ltr'>iceret</span> <span class='ocrx_word' id='word_1_193' title='bbox 330 2557 539 2636; x_wconf 87' lang='lat' dir='ltr'>corripiebant.</span> <span class='ocrx_word' id='word_1_194' title='bbox 586 2577 653 2617; x_wconf 92' lang='lat' dir='ltr'>cum</span> <span class='ocrx_word' id='word_1_195' title='bbox 683 2558 790 2634; x_wconf 90' lang='lat' dir='ltr'>quibus</span> <span class='ocrx_word' id='word_1_196' title='bbox 822 2558 1007 2617; x_wconf 89' lang='lat' dir='ltr'>sermonibus</span> <span class='ocrx_word' id='word_1_197' title='bbox 1041 2577 1114 2635; x_wconf 89' lang='lat' dir='ltr'>quos</span> 
     </span>
     <span class='ocr_line' id='line_1_28' title="bbox 184 2641 942 2723; baseline 0.001 -18"><span class='ocrx_word' id='word_1_198' title='bbox 184 2664 231 2706; x_wconf 88' lang='lat' dir='ltr'>res</span> <span class='ocrx_word' id='word_1_199' title='bbox 254 2646 430 2723; x_wconf 89' lang='lat' dir='ltr'>postulabat</span> <span class='ocrx_word' id='word_1_200' title='bbox 452 2646 570 2706; x_wconf 88' lang='lat' dir='ltr'>collatis</span> <span class='ocrx_word' id='word_1_201' title='bbox 595 2646 632 2706; x_wconf 89' lang='lat' dir='ltr'>ad</span> <span class='ocrx_word' id='word_1_202' title='bbox 656 2665 760 2706; x_wconf 89' lang='lat' dir='ltr'>cenam</span> <span class='ocrx_word' id='word_1_203' title='bbox 783 2641 942 2706; x_wconf 86' lang='lat' dir='ltr'>vocamur&#39;</span> 
     </span>
    </p>

    <p class='ocr_par' dir='ltr' id='par_1_4' title="bbox 142 2728 1118 2996">
     <span class='ocr_line' id='line_1_29' title="bbox 142 2728 1117 2818; baseline 0.004 -26"><span class='ocrx_word' id='word_1_204' title='bbox 142 2734 163 2793; x_wconf 84' lang='lat' dir='ltr'>f.</span> <span class='ocrx_word' id='word_1_205' title='bbox 179 2735 270 2796; x_wconf 82' lang='grc'><strong>2011)</strong></span> <span class='ocrx_word' id='word_1_206' title='bbox 290 2728 332 2817; x_wconf 94' lang='lat' dir='ltr'>(p.</span> <span class='ocrx_word' id='word_1_207' title='bbox 349 2729 419 2818; x_wconf 83' lang='lat' dir='ltr'>8l):</span> <span class='ocrx_word' id='word_1_208' title='bbox 439 2730 596 2796; x_wconf 79' lang='lat' dir='ltr'>‘Oiborum</span> <span class='ocrx_word' id='word_1_209' title='bbox 615 2755 735 2812; x_wconf 90' lang='lat' dir='ltr'>quoque</span> <span class='ocrx_word' id='word_1_210' title='bbox 754 2755 830 2812; x_wconf 89' lang='lat' dir='ltr'>quos</span> <span class='ocrx_word' id='word_1_211' title='bbox 848 2737 970 2813; x_wconf 87' lang='lat' dir='ltr'>patria</span> <span class='ocrx_word' id='word_1_212' title='bbox 989 2736 1117 2796; x_wconf 87' lang='lat' dir='ltr'>barba-</span> 
     </span>
     <span class='ocr_line' id='line_1_30' title="bbox 185 2820 1118 2903; baseline 0.002 -20"><span class='ocrx_word' id='word_1_213' title='bbox 185 2825 263 2885; x_wconf 89' lang='lat' dir='ltr'>rica</span> <span class='ocrx_word' id='word_1_214' title='bbox 284 2824 384 2885; x_wconf 86' lang='lat' dir='ltr'>utitur</span> <span class='ocrx_word' id='word_1_215' title='bbox 406 2826 467 2885; x_wconf 90' lang='lat' dir='ltr'>tria</span> <span class='ocrx_word' id='word_1_216' title='bbox 490 2828 561 2885; x_wconf 88' lang='lat' dir='ltr'>sunt</span> <span class='ocrx_word' id='word_1_217' title='bbox 591 2844 699 2903; x_wconf 83' lang='lat' dir='ltr'>genera</span> <span class='ocrx_word' id='word_1_218' title='bbox 728 2820 925 2902; x_wconf 70' lang='lat' dir='ltr'>&lt;‘apposita&#39;</span> <span class='ocrx_word' id='word_1_219' title='bbox 948 2826 1000 2898; x_wconf 89' lang='lat' dir='ltr'>B&gt;</span> <span class='ocrx_word' id='word_1_220' title='bbox 1029 2828 1118 2885; x_wconf 84' lang='lat' dir='ltr'>taxea</span> 
     </span>
     <span class='ocr_line' id='line_1_31' title="bbox 187 2904 1116 2996; baseline 0 -24"><span class='ocrx_word' id='word_1_221' title='bbox 187 2904 273 2993; x_wconf 88' lang='lat' dir='ltr'>(Isid.</span> <span class='ocrx_word' id='word_1_222' title='bbox 288 2914 351 2989; x_wconf 85' lang='lat' dir='ltr'>XX,</span> <span class='ocrx_word' id='word_1_223' title='bbox 368 2916 397 2989; x_wconf 87' lang='grc'>2,</span> <span class='ocrx_word' id='word_1_224' title='bbox 413 2906 469 2995; x_wconf 81' lang='grc'>24)</span> <span class='ocrx_word' id='word_1_225' title='bbox 494 2914 584 2973; x_wconf 88' lang='lat' dir='ltr'>cruda</span> <span class='ocrx_word' id='word_1_226' title='bbox 607 2908 754 2996; x_wconf 73' lang='lat' dir='ltr'>(‘scruta&#39;</span> <span class='ocrx_word' id='word_1_227' title='bbox 768 2907 809 2996; x_wconf 87' lang='lat' dir='ltr'>B)</span> <span class='ocrx_word' id='word_1_228' title='bbox 829 2934 864 2974; x_wconf 86' lang='lat' dir='ltr'>ex</span> <span class='ocrx_word' id='word_1_229' title='bbox 883 2909 1049 2975; x_wconf 84' lang='lat' dir='ltr'>succiduis&#39;</span> <span class='ocrx_word' id='word_1_230' title='bbox 1066 2962 1071 2973; x_wconf 95' lang='lat'>.</span> <span class='ocrx_word' id='word_1_231' title='bbox 1089 2960 1116 2972; x_wconf 91' lang='lat'>..</span> 
     </span>
    </p>

    <p class='ocr_par' dir='ltr' id='par_1_5' title="bbox 142 2995 1118 3441">
     <span class='ocr_line' id='line_1_32' title="bbox 142 2995 1118 3087; baseline 0.002 -27"><span class='ocrx_word' id='word_1_232' title='bbox 142 3001 163 3061; x_wconf 83' lang='lat'>1⁴.</span> <span class='ocrx_word' id='word_1_233' title='bbox 179 3002 268 3062; x_wconf 83' lang='grc'>2021)</span> <span class='ocrx_word' id='word_1_234' title='bbox 292 2997 335 3081; x_wconf 86' lang='lat' dir='ltr'>(p.</span> <span class='ocrx_word' id='word_1_235' title='bbox 356 2995 427 3087; x_wconf 80' lang='lat'>83):</span> <span class='ocrx_word' id='word_1_236' title='bbox 456 2997 595 3079; x_wconf 75' lang='lat' dir='ltr'>‘phalam</span> <span class='ocrx_word' id='word_1_237' title='bbox 627 3002 813 3063; x_wconf 87' lang='lat' dir='ltr'>ascendimus</span> <span class='ocrx_word' id='word_1_238' title='bbox 845 3005 876 3062; x_wconf 92' lang='lat' dir='ltr'>in</span> <span class='ocrx_word' id='word_1_239' title='bbox 911 3022 971 3079; x_wconf 92' lang='lat' dir='ltr'>qua</span> <span class='ocrx_word' id='word_1_240' title='bbox 999 3003 1118 3063; x_wconf 88' lang='lat' dir='ltr'>diversa</span> 
     </span>
     <span class='ocr_line' id='line_1_33' title="bbox 189 3092 1118 3171; baseline 0 -19"><span class='ocrx_word' id='word_1_241' title='bbox 189 3110 298 3171; x_wconf 82' lang='lat' dir='ltr'>genera</span> <span class='ocrx_word' id='word_1_242' title='bbox 333 3111 484 3152; x_wconf 89' lang='lat' dir='ltr'>armorum</span> <span class='ocrx_word' id='word_1_243' title='bbox 520 3093 669 3168; x_wconf 88' lang='lat' dir='ltr'>speculari</span> <span class='ocrx_word' id='word_1_244' title='bbox 703 3092 820 3152; x_wconf 88' lang='lat' dir='ltr'>licebat.</span> <span class='ocrx_word' id='word_1_245' title='bbox 859 3093 983 3152; x_wconf 88' lang='lat' dir='ltr'>stabant</span> <span class='ocrx_word' id='word_1_246' title='bbox 1016 3096 1118 3153; x_wconf 86' lang='lat' dir='ltr'>autem</span> 
     </span>
     <span class='ocr_line' id='line_1_34' title="bbox 187 3181 1118 3258; baseline 0 -18"><span class='ocrx_word' id='word_1_247' title='bbox 187 3182 267 3242; x_wconf 87' lang='lat' dir='ltr'>iuter</span> <span class='ocrx_word' id='word_1_248' title='bbox 284 3181 408 3242; x_wconf 86' lang='lat' dir='ltr'>hastilia</span> <span class='ocrx_word' id='word_1_249' title='bbox 426 3181 552 3241; x_wconf 86' lang='lat' dir='ltr'>falarica</span> <span class='ocrx_word' id='word_1_250' title='bbox 571 3200 660 3241; x_wconf 89' lang='lat' dir='ltr'>oorno</span> <span class='ocrx_word' id='word_1_251' title='bbox 679 3182 757 3241; x_wconf 88' lang='lat' dir='ltr'>facta</span> <span class='ocrx_word' id='word_1_252' title='bbox 777 3181 856 3242; x_wconf 89' lang='lat' dir='ltr'>caica</span> <span class='ocrx_word' id='word_1_253' title='bbox 872 3200 945 3258; x_wconf 88' lang='lat' dir='ltr'>quas</span> <span class='ocrx_word' id='word_1_254' title='bbox 961 3185 992 3240; x_wconf 89' lang='lat' dir='ltr'>et</span> <span class='ocrx_word' id='word_1_255' title='bbox 1005 3181 1118 3241; x_wconf 87' lang='lat' dir='ltr'>cateias</span> 
     </span>
     <span class='ocr_line' id='line_1_35' title="bbox 189 3266 1118 3351; baseline 0 -21"><span class='ocrx_word' id='word_1_256' title='bbox 189 3272 219 3330; x_wconf 87' lang='lat' dir='ltr'>at</span> <span class='ocrx_word' id='word_1_257' title='bbox 254 3272 393 3330; x_wconf 89' lang='lat' dir='ltr'>teutones</span> <span class='ocrx_word' id='word_1_258' title='bbox 429 3270 577 3329; x_wconf 88' lang='lat' dir='ltr'>barbari</span> <span class='ocrx_word' id='word_1_259' title='bbox 614 3266 647 3351; x_wconf 88' lang='lat' dir='ltr'>(i.</span> <span class='ocrx_word' id='word_1_260' title='bbox 667 3291 691 3330; x_wconf 91' lang='lat' dir='ltr'>e.</span> <span class='ocrx_word' id='word_1_261' title='bbox 711 3271 840 3348; x_wconf 90' lang='lat' dir='ltr'>Hispani</span> <span class='ocrx_word' id='word_1_262' title='bbox 872 3274 902 3330; x_wconf 89' lang='lat' dir='ltr'>et</span> <span class='ocrx_word' id='word_1_263' title='bbox 934 3269 1014 3330; x_wconf 81' lang='lat' dir='ltr'>Galli</span> <span class='ocrx_word' id='word_1_264' title='bbox 1046 3271 1118 3331; x_wconf 89' lang='lat' dir='ltr'>Isid.</span> 
     </span>
     <span class='ocr_line' id='line_1_36' title="bbox 188 3352 658 3441; baseline -0.002 -23"><span class='ocrx_word' id='word_1_265' title='bbox 188 3359 302 3435; x_wconf 87' lang='lat' dir='ltr'>XVIII,</span> <span class='ocrx_word' id='word_1_266' title='bbox 318 3363 346 3435; x_wconf 78' lang='lat'>7,</span> <span class='ocrx_word' id='word_1_267' title='bbox 363 3352 397 3441; x_wconf 79' lang='lat'>7)</span> <span class='ocrx_word' id='word_1_268' title='bbox 420 3353 593 3418; x_wconf 88' lang='lat' dir='ltr'>nominant&#39;</span> <span class='ocrx_word' id='word_1_269' title='bbox 608 3406 614 3418; x_wconf 92' lang='lat'>.</span> <span class='ocrx_word' id='word_1_270' title='bbox 631 3405 636 3418; x_wconf 97' lang='lat'>.</span> <span class='ocrx_word' id='word_1_271' title='bbox 653 3407 658 3418; x_wconf 91' lang='lat'>.</span> 
     </span>
    </p>

    <p class='ocr_par' dir='ltr' id='par_1_6' title="bbox 101 3443 1119 3620">
     <span class='ocr_line' id='line_1_37' title="bbox 105 3443 1119 3527; baseline 0.001 -21"><span class='ocrx_word' id='word_1_272' title='bbox 105 3458 108 3464; x_wconf 63' lang='lat'><em>⁴</em></span> <span class='ocrx_word' id='word_1_273' title='bbox 172 3445 293 3509; x_wconf 80' lang='lat' dir='ltr'>Scheler</span> <span class='ocrx_word' id='word_1_274' title='bbox 311 3469 340 3526; x_wconf 91' lang='lat' dir='ltr'>p.</span> <span class='ocrx_word' id='word_1_275' title='bbox 351 3450 407 3509; x_wconf 82' lang='lat'>88:</span> <span class='ocrx_word' id='word_1_276' title='bbox 425 3443 520 3518; x_wconf 76' lang='lat' dir='ltr'>‘Quid</span> <span class='ocrx_word' id='word_1_277' title='bbox 540 3468 619 3527; x_wconf 85' lang='lat' dir='ltr'>ergo,</span> <span class='ocrx_word' id='word_1_278' title='bbox 638 3450 738 3525; x_wconf 89' lang='lat' dir='ltr'>inquit</span> <span class='ocrx_word' id='word_1_279' title='bbox 756 3449 949 3508; x_wconf 87' lang='lat' dir='ltr'>consobrinus</span> <span class='ocrx_word' id='word_1_280' title='bbox 969 3468 1047 3509; x_wconf 90' lang='lat' dir='ltr'>unus</span> <span class='ocrx_word' id='word_1_281' title='bbox 1067 3449 1119 3526; x_wconf 90' lang='lat' dir='ltr'>qui</span> 
     </span>
     <span class='ocr_line' id='line_1_38' title="bbox 101 3531 1119 3620; baseline 0.004 -26"><span class='ocrx_word' id='word_1_282' title='bbox 101 3534 220 3613; x_wconf 84' lang='lat' dir='ltr'>aderat,</span> <span class='ocrx_word' id='word_1_283' title='bbox 252 3557 320 3598; x_wconf 90' lang='lat' dir='ltr'>cum</span> <span class='ocrx_word' id='word_1_284' title='bbox 352 3537 392 3599; x_wconf 88' lang='lat' dir='ltr'>sis</span> <span class='ocrx_word' id='word_1_285' title='bbox 420 3538 569 3598; x_wconf 88' lang='lat' dir='ltr'>natione</span> <span class='ocrx_word' id='word_1_286' title='bbox 588 3538 785 3616; x_wconf 85' lang='lat' dir='ltr'>Argolicus</span> <span class='ocrx_word' id='word_1_287' title='bbox 814 3531 896 3620; x_wconf 85' lang='lat' dir='ltr'>(cum</span> <span class='ocrx_word' id='word_1_288' title='bbox 926 3539 966 3617; x_wconf 85' lang='lat' dir='ltr'>gl.</span> <span class='ocrx_word' id='word_1_289' title='bbox 992 3533 1041 3597; x_wconf 70' lang='lat' dir='ltr'>‘de</span> <span class='ocrx_word' id='word_1_290' title='bbox 1064 3539 1119 3598; x_wconf 91' lang='lat' dir='ltr'>illa</span> 
     </span>
    </p>
   </div>
   <div class='ocr_carea' id='block_1_3' title="bbox 0 0 1219 3998">
    <p class='ocr_par' dir='ltr' id='par_1_7' title="bbox 0 0 1219 3998">
     <span class='ocr_line' id='line_1_39' title="bbox 0 0 1219 3998; baseline 0 0"><span class='ocrx_word' id='word_1_291' title='bbox 0 0 1219 3998; x_wconf 95' lang='lat' dir='ltr'> </span> 
     </span>
    </p>
   </div>
  </div>
 </body>
</html>
