2422 3998
163 189 204 255 78
616 186 730 242 aaron

162 340 239 397 hano
262 339 403 413 speciem,
426 337 502 396 dura
525 338 674 397 terrestria
697 339 833 414 pustula,
857 356 944 398 nares

163 428 347 502 contractae,
370 427 499 486 raucedo
522 430 637 505 gravis,
660 429 762 487 tumor
784 427 991 503 abbreviatus,

162 517 263 575 ulcera
286 517 376 591 sicca,
399 519 477 576 terea
502 517 619 591 oculus,
643 517 724 576 color
747 516 882 576 aemulus
906 517 964 576 oris

162 605 266 666 livoris
290 606 413 681 splenis,
437 608 574 682 aspectus
597 605 750 680 horridus,
774 609 857 665 artus

91 713 144 753 1010
163 695 202 753 ad
224 696 341 754 motum
364 696 457 772 pigri,
480 695 630 754 tardantis
654 695 751 754 debile
773 694 885 754 ventris

163 784 307 858 officium,
330 783 446 843 furiosa
468 785 576 859 fames,
600 786 765 844 contractio
789 784 912 860 spasmi‚

161 874 316 933 iuncturas
339 873 448 932 fissura
470 890 572 932 secans
597 892 674 950 quae
698 877 820 950 separat
842 877 939 949 artua,

162 963 314 1022 detractus
338 964 460 1039 sanguis
484 965 569 1041 niger
592 966 645 1022 aut
668 963 762 1023 livore
785 965 921 1038 notatus,

162 1052 278 1128 palleus
303 1054 333 1110 et
354 1051 455 1111 tenuis
479 1051 596 1126 effusio,
621 1053 695 1111 dura
719 1055 851 1112 screatus

92 1158 144 1199 rara
162 1144 253 1218 sputa
275 1142 386 1214 ferens,
410 1143 506 1200 tusses
530 1141 637 1216 siccae,
661 1160 751 1219 sapor
772 1144 869 1200 instar
892 1143 969 1201 aceti

163 1248 244 1290 escae
268 1229 413 1308 effugiens
437 1249 528 1290 acres.
574 1250 611 1288 ue
635 1231 721 1290 firma
743 1230 865 1290 vacillet

163 1322 218 1378 aut
239 1322 328 1379 nutet
349 1318 442 1395 ratio,
465 1319 531 1379 loca
554 1321 689 1394 consule,
712 1320 991 1396 tempora‚'vitam,

163 1410 225 1468 vim
248 1408 464 1483 complexivum
487 1409 629 1484 patientis
653 1409 716 1468 sivo
739 1409 874 1487 figuram.

235 1497 408 1555 Effimeram
431 1500 576 1576 generant
597 1499 707 1575 frigus,
731 1499 825 1572 calor,
848 1499 907 1572 ira,
930 1498 1097 1572 lavacrum,

92 1602 145 1643 10οο
163 1604 248 1660 cura,
272 1587 375 1661 timor,
400 1588 546 1661 studium,
569 1590 671 1663 potus,
695 1587 793 1662 cibus,
817 1587 906 1646 ardor
929 1587 1053 1662 amoris,

162 1675 306 1734 tristitiae
328 1677 444 1751 torpor,
467 1676 638 1752 insompnia
660 1680 809 1753 tempora,
833 1675 956 1754 grandis

164 1764 289 1823 artubus
311 1764 419 1824 infixus
444 1765 541 1841 dolor,
565 1766 752 1825 inmoderata
775 1764 886 1824 laboris

163 1856 253 1930 atque
276 1855 344 1913 viae
368 1855 511 1933 gravitas.
558 1855 591 1913 Si
614 1874 736 1915 causam
759 1854 886 1933 frigidus
910 1873 962 1912 aer

163 1945 307 2020 parturit,
331 1962 363 2003 os
386 1945 494 2020 pallet,
517 1946 607 2004 urina
629 1945 795 2004 remittitur
818 1946 900 2018 actu,

237 2189 305 2238 1900
324 2163 440 2255 000100
463 2185 472 2256 Η
496 2189 564 2238 1909
584 2184 786 2256 livorilsplenis
805 2187 820 2239 0
842 2188 846 2253 Ι
867 2184 1009 2240 horrid⁹r
1029 2183 1087 2238 art⁹
1103 2185 1127 2240 0.
1151 2183 1177 2238 a

163 2273 249 2324 00009.
268 2263 296 2317 ÷
314 2257 330 2310 0
348 2256 357 2327 Η
377 2261 446 2309 1910
465 2256 553 2325 pigri:
573 2257 655 2326 piger
673 2258 688 2310 0
712 2256 721 2327 Η
746 2260 815 2310 1914
833 2258 896 2310 tura
915 2257 1022 2320 screat9
1042 2257 1058 2310 0
1080 2255 1090 2328 ll
1115 2258 1176 2310 1910

164 2340 239 2398 effi¹¹⁸
259 2345 274 2397 0

237 2419 306 2468 1918
325 2415 457 2484 figuram:
477 2417 517 2470 sic
531 2417 602 2482 (circe
613 2419 729 2484 pruneto)
743 2417 808 2483 finit
822 2417 905 2471 hatur
924 2417 1067 2471 00000000
1085 2423 1179 2482 tectus,

164 2492 265 2556 quartu
286 2486 343 2552 fere
360 2492 443 2555 parte
464 2503 554 2541 00000
576 2488 680 2542 relicta.
717 2488 807 2542 000000
825 2505 864 2541 aa
882 2488 978 2557 aliqua
996 2488 1100 2554 000009,
1123 2503 1179 2543 crum

164 2564 189 2612 ct
212 2558 371 2613 Plateoriua
396 2564 422 2612 et
443 2559 564 2613 1000000
589 2559 622 2613 dc
647 2559 749 2613 morbis
773 2560 953 2614 exterioribua
978 2561 1075 2628 (cutia)
1097 2560 1180 2629 plur

161 2629 320 2698 praebeant.
358 2631 481 2697 requitur
502 2631 534 2684 iu
556 2646 626 2685 0000
648 2631 717 2696 folio
734 2631 810 2684 rubr.
829 2630 933 2699 incipit
952 2630 987 2685 dc
1005 2629 1135 2685 febribus
1157 2630 1181 2684 ct

164 2700 255 2769 primo
270 2701 305 2755 de
320 2700 454 2767 effimera‚
473 2707 593 2757 outremer
610 2702 668 2756 acet.
684 2703 817 2756 carminis
830 2702 975 2770 particula
989 2718 1060 2771 quac
1074 2718 1110 2757 00
1127 2700 1179 2758 cort.

164 2773 247 2826 Bou.
269 2773 337 2828 000.
363 2773 438 2827 atrise.
464 2776 518 2827 455
546 2773 611 2841 (ch.)
637 2773 686 2826 ubi
710 2779 840 2840 separata
867 2773 989 2827 traditur
1017 2773 1078 2840 (000
1105 2774 1181 2829 ritulo

165 2842 253 2913 Signa
279 2845 307 2897 et
333 2859 417 2897 cause
443 2844 574 2911 febrium)
600 2845 657 2898 iam
683 2844 757 2898 edita
779 2850 889 2912 prostat
912 2844 990 2912 apud
1015 2844 1182 2914 1900001000

165 2916 271 2970 Notat
289 2921 355 2969 ectr.
371 2916 417 2970 dee
435 2916 579 2970 01001000.
595 2917 662 2970 Par.
674 2919 744 2970 1853
760 2918 1181 2984 0170-19700101000471).

164 2987 264 3054 0001000
286 2993 377 3040 autem
399 2988 458 3041 stae
480 2989 556 3041 omui
573 2986 763 3055 praefatione,
785 2988 858 3041 sicut
880 2987 958 3055 apud
978 2987 1155 3044 Platcarr‘um
1174 2983 1183 3058 ll

166 3060 235 3111 1919
254 3059 392 3126 generant
414 3059 445 3112 rt:
469 3060 531 3112 ·rat
550 3059 565 3112 0
587 3057 596 3129 lt
620 3062 689 3111 1999
709 3058 820 3111 infieaua
839 3058 858 3112 d
880 3058 890 3130 ll
914 3062 982 3111 1993
1003 3058 1182 3116 00010000

164 3130 245 3197 00000
268 3130 410 3196 exequitur
432 3130 568 3200 Epidius,
591 3145 653 3184 cum
675 3136 779 3185 recurat
802 3130 976 3195 Puteanus,
999 3131 1067 3198 quia
1090 3147 1126 3185 00
1148 3131 1183 3185 cia

165 3199 317 3267 ‘quomodo
340 3202 473 3254 nascatur
490 3199 577 3255 febris
596 3200 779 3254 manifestum
798 3202 854 3265 eet,
878 3202 907 3255 et
929 3200 994 3254 ideo
1014 3200 1051 3253 ad
1070 3217 1182 3270 precene

165 3271 430 3338 pretermittendum
451 3287 486 3325 nc
508 3271 597 3325 nimia
615 3272 763 3340 prolixitas
782 3272 878 3339 pariat
897 3271 1066 3327 fastidium'.
1104 3273 1183 3340 facti·

166 3342 243 3396 dium
266 3344 323 3397 ecit.
347 3359 404 3397 000
426 3349 506 3398 curat
525 3348 622 3412 poetar
644 3343 809 3413 loquacitas,
832 3360 882 3397 uec
904 3344 1042 3398 remeavit
1065 3346 1184 3399 1001100

165 3413 242 3480 apud
260 3431 338 3482 quem
355 3414 481 3469 ultimam
497 3420 605 3482 partem
623 3417 712 3483 operis
726 3418 771 3481 (ut
784 3415 861 3482 apud
875 3414 1023 3484 Epidicum)
1040 3421 1066 3469 ct
1084 3416 1184 3471 0101100

165 3485 292 3550 quictem
313 3485 424 3552 faciunt
445 3485 540 3552 febres.
578 3487 701 3553 requitur
719 3487 931 3540 Parrioucrr‘um
950 3485 1042 3554 (Gal.)
1062 3490 1140 3553 0314
1161 3491 1185 3541 ct

169 3555 305 3610 Viate'curu
324 3562 379 3623 7,1
396 3556 406 3628 Η
426 3561 495 3611 1994
514 3555 622 3625 palle(t)
642 3558 673 3612 d:
692 3556 802 3625 pallene
820 3557 836 3610 0
