2422 3998
136 116 179 180 22
587 108 700 165 nomn

136 265 223 339 potus
247 263 393 322 mentitur
415 279 496 322 acres
520 280 610 338 sapor
632 261 700 320 oris.
737 260 892 322 edictum

136 351 241 412 debilis
265 354 295 411 et
317 351 423 427 durus,
446 350 604 412 succedens
627 349 744 426 crebro,
766 367 903 410 morosus

135 441 249 518 pulsus.
287 441 464 501 confirmant
486 439 610 499 dubium
633 439 762 516 fideique
784 439 959 500 ministrant
1045 432 1058 463 ·³

77 547 116 586 555
135 531 303 608 ingressum
326 531 437 608 species
459 529 588 605 inspecti
611 529 767 606 temporis,
790 547 862 589 usus
1020 523 1023 529 ’

136 620 216 680 vitae
239 621 407 695 consultus,
430 619 528 697 regio,
551 618 725 694 complexio.
761 637 854 694 penas
916 652 919 659 ψ

136 711 244 784 quarta
267 708 331 769 dies
353 707 480 784 replicat
501 707 599 785 magis
621 707 802 783 uberiusque
824 707 975 767 molestat.

207 798 336 874 Humor,
358 798 481 871 vermis,
505 815 599 874 equa,
622 801 741 872 ventuS,
765 815 903 871 verruca,
926 795 1052 856 nocivus

136 908 200 961 uer,
223 890 381 948 concoctae
404 885 519 960 sordes,
543 886 679 946 contusio
703 886 854 945 laedunt

77 992 116 1032 555
136 977 306 1036 auditum.
344 977 370 1036 si
393 994 484 1035 causa
506 993 614 1034 nocens
639 975 680 1034 sit
701 976 809 1034 noxius
831 975 940 1034 humor

135 1070 190 1126 aut
212 1086 275 1139 aer,
298 1069 417 1141 tempus
440 1065 535 1124 vitam
559 1065 746 1140 speciemque
770 1064 882 1123 doloris

135 1157 254 1215 urinam
278 1155 395 1214 vultum
417 1153 522 1231 pulsus
546 1172 639 1231 genus
663 1157 753 1230 atque
776 1153 905 1231 figuram

136 1243 267 1320 corporis
290 1242 442 1318 attendes,
466 1262 542 1319 quac
565 1243 761 1303 consistentia
782 1243 878 1319 prosit

136 1335 213 1392 aeris
237 1334 291 1392 aut
314 1335 428 1392 noceat.
465 1332 490 1390 si
514 1332 622 1391 vermis
646 1334 744 1391 motus
768 1332 799 1390 in
823 1350 908 1406 aure,

78 1437 117 1476 555
136 1420 285 1481 sensibilis
308 1422 410 1499 fragor
432 1421 597 1496 inmensus,
621 1420 803 1480 discursibus
827 1421 935 1496 amplis

136 1509 305 1570 errabunda
327 1511 425 1570 locum
448 1512 602 1586 permutat
619 1510 728 1586 passio.
765 1511 867 1588 signat

135 1599 303 1660 laedentem
327 1600 446 1660 laticem
469 1599 647 1676 praecedens
670 1599 802 1675 perflans
824 1597 919 1657 imber

137 1690 243 1749 balnea
265 1690 314 1748 vel
338 1689 445 1767 capitis
469 1688 597 1763 ablutio,
621 1690 722 1766 passio
745 1688 841 1748 maior

135 1781 167 1838 in
190 1783 273 1838 motu
297 1779 404 1856 cepitis
428 1779 476 1838 vel
499 1797 566 1837 cum
589 1779 729 1854 depressa
752 1776 892 1838 deorsum

79 1883 117 1923 555
136 1869 284 1928 submissa
307 1869 419 1928 cervice
445 1868 548 1928 dolens
572 1867 765 1944 suspenditur
788 1865 876 1925 auris.

137 1958 338 2034 pneumatosis
362 1961 435 2016 nota
458 1957 601 2031 tinnitus,
623 1958 705 2017 dolet
727 1956 839 2016 inscius
862 1974 922 2014 uno

136 2051 215 2106 stare
238 2047 317 2122 loco,
341 2046 457 2106 validus
480 2047 596 2105 inmoto
619 2047 729 2105 vertice
753 2048 851 2104 motus

136 2137 270 2195 Interius.
308 2136 461 2194 stomacho
485 2135 646 2211 subrepens
669 2153 759 2194 cause
783 2134 915 2193 dolorem

137 2225 286 2301 sincopat,
308 2225 340 2282 in
364 2223 462 2299 capite
486 2223 610 2284 latitans
635 2225 750 2284 occasio
775 2242 883 2299 penam

79 2329 118 2367 555
136 2315 300 2373 continuat.
337 2331 474 2386 verruca,
498 2314 561 2372 lues
585 2313 693 2372 limosa
716 2313 826 2371 doloris

136 2404 236 2462 nescia
259 2402 401 2461 diminuit
424 2401 558 2476 auditus,
582 2403 652 2462 huic
674 2403 730 2461 tibi
753 2402 808 2460 fiat

137 2511 171 2550 ex
195 2492 261 2551 visu
284 2491 445 2551 manifeste
467 2491 548 2551 fides.
585 2492 721 2551 contusio
744 2492 843 2549 fedam

137 2580 249 2641 emittit
271 2580 398 2655 saniem,
422 2580 569 2640 tumidum
592 2582 664 2640 dum
687 2579 826 2641 sublevat
848 2597 958 2637 aurem.

208 2719 260 2768 487
280 2715 377 2768 adictii
397 2716 424 2768 b:
446 2714 558 2769 adulter
577 2733 602 2768 m
625 2716 635 2784 {l
658 2720 709 2768 489
730 2714 877 2768 confirmat
951 2712 1096 2767 ministrat
1115 2711 1158 2783 bl!

138 2791 189 2840 490
208 2786 365 2856 tempiset,
384 2787 442 2854 t'prs
461 2787 477 2840 b

209 2862 260 2910 490
279 2858 354 2912 mbr.
375 2856 416 2912 De
442 2857 547 2911 doloris
569 2857 679 2910 aurium
699 2857 787 2927 signis
807 2858 835 2911 et
854 2855 947 2909 causis
967 2857 995 2923 b,
1019 2855 1056 2909 de
1076 2854 1157 2910 dimi·

138 2929 257 2983 nucione
283 2930 324 2998 (555
347 2929 436 2984 dccc.
458 2935 483 2996 2,
502 2934 528 2995 7)
556 2927 670 2982 auditus
694 2945 777 2983 cause
800 2926 865 2980 VIII
893 2943 956 2981 cum
983 2926 1072 2996 signis
1100 2944 1126 2981 m
1152 2990 1155 2997 Ι

140 3000 171 3054 Η.
192 3015 267 3069 aqua
284 3002 385 3054 ventus
403 3000 505 3054 vermis
525 3002 540 3054 5
558 3001 567 3071 ΕΙ
586 3005 638 3053 404
656 3002 721 3055 inde
740 3001 774 3055 ab
793 3001 843 3054 boc
860 3015 939 3054 55555
959 3001 1037 3065 (494)
1061 3000 1093 3053 irc
1112 3014 1158 3053 55·

138 3079 221 3127 555555
243 3072 380 3127 columine
402 3088 456 3126 555
478 3072 547 3127 adeo
570 3072 685 3126 55555555
708 3078 747 3127 cst
769 3089 796 3125 m
818 3076 850 3124 55
871 3071 931 3124 sice
953 3086 1002 3139 ope
1020 3069 1158 3127 codicied

137 3143 190 3212 lepc‘
209 3144 319 3198 55555555
332 3159 389 3197 aon
404 3144 538 3211 potuisset
550 3143 552 3151 '
565 3144 697 3197 convecto
711 3162 750 3198 m:
770 3140 887 3196 collecte
902 3141 917 3195 b
931 3140 941 3212 ll
955 3145 1007 3194 500
1021 3140 1119 3195 imdsis
1134 3142 1158 3209 5,

138 3231 200 3267 -555
216 3216 291 3339 (tzor
304 3214 314 3286 ll
329 3218 380 3268 505
395 3214 517 3284 poedcns
536 3215 564 3269 b:
582 3214 709 3285 pcedene
729 3233 756 3269 55
773 3214 784 3286 ll
801 3218 853 3266 507
873 3214 948 3267 sture
961 3229 1001 3266 m:
1022 3210 1097 3294 55555
1116 3213 1132 3269 b
1147 3212 1160 3337 u

138 3289 189 3338 508
209 3303 241 3338 eu
261 3301 361 3354 repens
376 3303 403 3339 m
418 3288 575 3355 (surrepens
594 3287 620 3354 b)
639 3286 648 3358 l]
666 3290 719 3339 510
739 3285 768 3339 Si
786 3301 851 3340 vero
870 3283 965 3351 alique
984 3282 1092 3346 cecidit¹
1109 3300 1147 3338 au

138 3371 202 3410 caro
220 3355 361 3425 superflua
375 3356 419 3410 vel
437 3373 561 3411 verruca.
594 3359 680 3426 atque
699 3357 794 3411 sordes
814 3356 849 3409 de
868 3353 1015 3424 superfluis
1033 3354 1160 3410 humori·

138 3426 190 3481 bus
214 3427 310 3481 insunt
334 3429 401 3482 orte.
439 3429 470 3481 in
492 3428 644 3498 propatulo
665 3429 797 3483 videntur
816 3427 904 3481 chc
923 3425 1128 3495 s.P.(f.137)
1151 3426 1162 3499 ll

138 3506 187 3554 511
209 3499 256 3553 bic
277 3500 292 3554 b
312 3502 366 3568 (ml
381 3500 481 3568 detrit.)
977 3554 980 3559 .
