2416 4004
512 177 681 234 VIATIOUS

90 332 219 389 evacuat
242 349 346 404 venas,
369 331 483 406 patulis
507 332 556 391 vel
578 330 701 389 naribus
726 331 787 389 exit

89 420 224 497 irriguus
247 419 371 497 sanguis
394 420 554 494 stomachi,
578 421 626 479 vel
648 437 761 479 nausea
785 420 906 494 chymos

91 509 219 568 educens
243 508 290 569 vel
313 509 463 584 deponens
487 511 629 568 contenta
652 509 791 568 deorsum

44 617 71 657 ae
90 600 186 656 ianua
208 601 347 673 naturae,
370 599 419 657 vel
440 598 639 675 respiramina
661 597 752 658 sudor

91 687 224 746 efficiens
248 690 382 747 cessante
404 688 501 748 modo.
540 687 573 746 si
596 688 783 764 lipotomiam

90 778 253 836 humorum
275 776 349 836 facit
371 777 506 852 ubertas,
530 778 670 855 turgente
693 778 818 836 notatur

90 884 181 940 vena,
205 885 329 926 carnosa
352 866 554 925 membrorum
576 867 654 924 mole
676 866 792 925 diaetae

90 955 218 1014 luxuria.
256 974 346 1031 qnam
369 955 509 1031 producit
530 974 670 1033 pressura
694 954 818 1029 doloris,

44 1063 73 1102 co
91 1044 261 1119 cardiacae,
284 1044 408 1119 colieae,
431 1045 604 1122 cephaleae,
627 1044 811 1120 perniciosae

90 1134 212 1207 iliacae,
236 1136 337 1212 gravis
361 1135 518 1208 artericae,
541 1134 711 1212 diafragma
734 1133 896 1208 prementis

90 1223 227 1281 matricis
251 1241 348 1283 comes
373 1242 436 1283 csse
459 1225 544 1282 solet.
583 1242 675 1300 quam
697 1223 798 1299 passio
821 1223 930 1279 mentis

90 1316 244 1388 procreat,
268 1332 304 1371 ex
325 1312 372 1371 ira
394 1313 497 1389 prodit
518 1314 567 1372 vel
590 1330 659 1371 cum
681 1314 779 1371 metus
802 1313 908 1389 ingens

89 1401 200 1460 intima
223 1402 403 1480 constringit
425 1401 522 1462 cordis
545 1402 594 1462 vel
616 1402 698 1461 facta
720 1405 842 1477 repente

44 1506 72 1546 aa
90 1490 206 1568 gaudia
230 1490 368 1550 dilatant.
406 1492 432 1552 si
454 1491 552 1552 morbi
575 1510 681 1551 cauma
704 1491 816 1549 doloris

91 1599 184 1640 causa
208 1580 261 1655 sit,
286 1581 343 1639 hoc
366 1580 468 1657 signat
490 1584 623 1656 tempus,
647 1582 730 1640 locus
754 1583 785 1639 et
807 1580 905 1653 labor,
930 1579 989 1639 oris

90 1669 206 1747 ignitus
231 1670 321 1729 calor.
358 1670 470 1747 algoris
494 1670 633 1748 signatur
657 1685 781 1750 acumen

90 1759 221 1834 pallenti
244 1758 334 1833 facie,
356 1759 488 1818 brumali
510 1761 644 1834 tempore
667 1760 754 1836 regni

90 1847 234 1906 horrendi
256 1847 388 1926 frigdore
407 1850 469 1908 situ
491 1849 647 1926 glacieque
670 1848 773 1907 nivali.

44 1953 73 1991 uo
164 1936 286 1996 Inducit
307 1936 438 1996 tussim
461 1938 628 2014 compassio
652 1937 700 1996 vel
723 1936 860 2012 specialis

91 2028 195 2102 passio
218 2026 358 2085 thoracis.
395 2026 422 2085 si
444 2046 566 2086 munere
590 2026 800 2101 compatientis

91 2115 224 2174 efficitur
245 2114 384 2190 membri,
408 2115 510 2192 prodit
533 2116 568 2174 de
592 2115 693 2192 splene
716 2115 860 2174 tumentis

92 2207 147 2264 aut
170 2205 265 2280 epatis
289 2203 372 2264 vitiis
396 2207 449 2263 aut
473 2206 655 2282 angustante
677 2206 794 2264 meatus

90 2293 244 2371 pulmonis
268 2294 421 2353 stomacho
446 2295 493 2352 vel
516 2294 687 2354 destillante
711 2297 843 2367 catarro,

44 2400 72 2441 49
90 2382 251 2460 pleuretici
274 2383 322 2443 vel
344 2384 422 2442 mole
445 2384 519 2442 mali
542 2384 590 2443 vel
614 2385 753 2460 apostase
775 2384 851 2447 laesi

90 2471 254 2549 pulmonis
291 2490 382 2548 quam
407 2472 460 2531 dat
482 2473 619 2549 specialis
642 2473 743 2548 passio
766 2473 888 2545 tussim,

91 2561 187 2621 efficit
209 2560 349 2636 ariditas,
372 2562 493 2636 humor,
516 2561 658 2640 frigdoris
683 2579 817 2621 acumen.

92 2650 126 2708 Si
151 2654 239 2709 nocet
262 2650 400 2725 ariditas,
423 2652 519 2710 macie
542 2650 738 2727 perpenditur
761 2651 834 2722 oris,

92 2740 214 2800 defectu
237 2740 331 2817 sputi,
354 2743 503 2816 punctura
526 2741 656 2816 pectoris
681 2739 776 2817 aegri,

90 2843 309 2852 —---——--

167 2915 218 2962 923
245 2909 377 2979 irruguus
402 2927 429 2964 m
456 2910 465 2981 11
494 2915 545 2962 926
571 2909 664 2978 lippet
666 2910 771 2962 omiam
797 2928 836 2976 m,
864 2908 1063 2976 lipothomiam
1092 2908 1115 2960 b.

92 2980 584 3049 hpothom1a1malfactikorel
599 2998 643 3050 ep.
661 2980 728 3035 Gur.
744 2979 989 3047 2,19=..sineopis
1007 2979 1049 3048 (de
1062 2996 1117 3046 que

92 3055 136 3107 Io.
156 3051 286 3121 Sincopis
306 3054 348 3107 est
367 3052 489 3107 defectio
509 3052 640 3123 9999119111
660 3057 709 3104 931
730 3021 823 3120 yliace
841 3052 906 3120 9991
923 3051 1059 3104 arthetica
1079 3050 1114 3120 91

91 3123 229 3194 pmtrsb
253 3123 567 3193 praesumentium
589 3123 599 3195 11
623 3128 674 3176 932
697 3125 771 3177 baec
793 3129 880 3178 totum
902 3137 1009 3177 99999999
1030 3137 1080 3176 oce.
1101 3122 1117 3175 9

93 3196 193 3264 19999..
205 3195 380 3262 prementia
401 3197 404 3264 1
425 3198 595 3263 procreat..
607 3195 658 3264 .“)
649 3220 659 3266 p
685 3199 736 3247 939
760 3194 886 3264 frigdore
910 3195 938 3248 9.
963 3192 1067 3246 fridore
1091 3211 1117 3247 m

93 3267 141 3336 (cf.
160 3283 248 3335 aacpm
267 3272 328 3321 642.
344 3269 405 3334 914)

167 3343 219 3392 940
242 3339 384 3393 99999119
408 3337 500 3391 causis
524 3337 609 3390 tussis
634 3340 663 3391 et
686 3337 774 3407 signis
798 3339 828 3390 et
851 3335 998 3404 speciebus
1022 3335 1051 3402 b,
1075 3335 1117 3389 De

92 3409 213 3464 tussim
235 3409 245 3481 11
269 3415 320 3463 949
340 3409 527 3479 angustateb
549 3407 558 3478 11
583 3411 825 3477 occupassem:
849 3407 1007 3477 epimateb
1032 3407 1042 3478 11
1066 3412 1116 3460 949

93 3481 210 3534 frideric
229 3499 257 3535 m
274 3481 284 3553 11
307 3485 359 3535 948
377 3482 453 3536 99999.
474 3479 562 3564 Signa
580 3427 691 3534 tussisp
685 3498 713 3535 m
731 3483 792 3550 1991.
813 3480 838 3547 b)
860 3482 864 3548 1
884 3478 1040 3550 ppcnditur
1059 3481 1117 3548 (sic)

93 3554 139 3608 999
159 3553 187 3622 (l.
202 3553 399 3621 portenditur?
417 3552 465 3606 aad
483 3551 640 3617 9191089
658 3555 716 3621 etc.)
