2422 3998
142 173 185 239 80
462 196 466 203 -
594 171 708 226 namn

140 324 238 395 tactu,
262 339 339 397 quae
363 321 501 381 manibus
524 321 625 382 fundit
647 322 772 399 palpata
794 324 920 383 morosis

141 411 271 485 fumum,
294 413 445 486 postremo
469 411 522 487 qui
544 411 683 471 libertate
706 415 823 472 meatus
879 409 881 418 ’

142 518 281 559 concessa
304 499 405 560 claudi
427 499 529 559 renuit
551 502 692 577 porisque
714 500 839 562 reclusis

142 589 276 663 exhalat,
299 589 411 667 digitos
435 609 523 650 urens
546 591 680 649 fervente
703 609 823 666 vapore.

71 699 124 740 isso
214 678 286 738 Tres
310 680 451 738 ethicae
475 681 587 755 species
611 679 783 758 distingunt
806 680 901 758 signa.
947 682 1072 740 notatur

141 768 241 843 prima
264 768 361 827 calore
385 767 484 827 cibum
508 770 660 844 sumptum
683 768 818 828 breviore
842 773 998 845 sequente,

143 859 270 933 occupat
291 857 397 916 urinae
420 859 537 932 partem
559 857 710 936 pinguedo
734 877 904 934 supremam

142 945 339 1022 praetendens
363 946 423 1005 olei
445 946 581 1005 formam.
627 950 699 1006 sunt
720 947 807 1026 signa
830 947 977 1007 secundae

143 1036 244 1094 furfur
265 1036 297 1093 in
320 1035 409 1094 urina
432 1035 577 1110 volitanS,
600 1034 791 1114 pinguedinis
814 1037 911 1096 instar

72 1143 124 1184 ress
144 1129 198 1184 aut
221 1125 281 1184 olei
302 1142 373 1200 pars
396 1143 515 1183 summa
537 1125 664 1200 micans,
687 1125 786 1184 minor
807 1126 918 1202 inpetit
940 1128 1025 1187 artus

144 1214 233 1273 ardor
256 1215 357 1273 ieiuno
380 1216 547 1289 stomacho,
571 1215 625 1290 qui
649 1214 741 1274 sumit
763 1214 801 1274 ab
825 1233 893 1274 esca

143 1302 282 1362 laedendi
306 1302 470 1362 stimulum.
517 1305 630 1379 species
654 1306 806 1379 postrema
829 1303 964 1382 flagellat

144 1393 276 1451 officiens
300 1391 439 1451 membris
463 1394 632 1469 aequaliter
654 1393 790 1453 omnibus
813 1394 909 1467 horis,

143 1482 272 1540 fundum
296 1480 409 1540 crimna
431 1484 535 1541 tenent
557 1484 676 1557 urinae,
700 1484 785 1542 cuius
810 1483 907 1542 olivae

73 1589 126 1629 iseo
144 1569 316 1646 praetendit
337 1589 461 1646 prorsus
484 1570 654 1630 substantia
677 1574 772 1647 spisse
794 1572 956 1649 liquorem,

145 1679 204 1719 non
227 1659 339 1718 residet
361 1660 481 1719 sublata
504 1662 582 1719 cutis
605 1661 656 1720 sed
679 1663 778 1721 tracta
801 1680 928 1738 superne

144 1749 176 1808 in
200 1750 267 1808 coni
291 1750 419 1825 speciem
442 1749 538 1809 nescit
561 1768 704 1826 suspensa
727 1750 838 1810 reverti
994 1821 999 1830 1

145 1838 184 1897 ad
207 1837 307 1897 sedem
330 1838 464 1914 solitam,
488 1838 591 1917 digitis
615 1839 673 1899 nisi
696 1858 799 1915 pressa
822 1840 959 1898 deorsum

145 1927 292 1987 mittatur.
339 1928 446 1987 Tribus
469 1929 543 1988 haec
566 1928 735 1987 communia
758 1932 828 1988 sunt
851 1928 1003 2004 speciebus

218 2191 287 2240 1946
311 2187 428 2240 morosis
455 2188 490 2240 bd
515 2189 533 2241 i.
556 2205 577 2241 c.
604 2187 721 2241 mdrosis
742 2213 769 2233 =
789 2188 1012 2255 comcambio,
1042 2190 1124 2257 quusi
1146 2204 1162 2241 o

145 2256 231 2313 intra.
273 2257 308 2324 of.
328 2258 418 2313 (louet.
438 2260 504 2312 oiot.
524 2263 583 2323 7,1
605 2257 703 2312 Febris
727 2275 761 2312 cx
783 2258 893 2313 balneis
918 2274 1009 2328 aquae
1033 2258 1163 2328 stipticus

145 2332 175 2383 et
198 2328 388 2383 desiccatione
412 2331 505 2383 cutem
525 2329 665 2383 duriorem
685 2331 713 2383 et
732 2331 876 2385 sicciorem
895 2330 990 2384 reddit
1008 2346 1095 2399 quam
1117 2330 1164 2385 illa

146 2400 291 2469 ephimera
316 2416 389 2469 quae
415 2417 450 2454 ex
474 2399 633 2468 frigiditate
659 2401 752 2455 fuerit.
790 2418 863 2469 quae
889 2401 962 2456 cutis
986 2402 1010 2455 si
1036 2403 1165 2458 manibus

146 2473 295 2541 tangatur,
321 2474 439 2539 apparet
462 2472 545 2539 quasi
568 2472 663 2525 inlusa
685 2472 852 2540 aliquandiu
870 2473 901 2527 iu
919 2472 1082 2543 gallaeum
1100 2472 1166 2528 mali

147 2543 260 2611 granati
275 2541 434 2597 corticibus.
460 2560 523 2596 cum
538 2546 632 2598 autem
647 2559 747 2597 manus
761 2545 791 2598 in
807 2545 877 2599 locis
895 2545 1099 2599 immoretur
1117 2545 1166 2600 ali-

147 2612 262 2682 quibus,
287 2630 360 2681 quae
384 2629 417 2667 ex
440 2613 621 2683 impositione
644 2631 744 2668 manus
767 2616 857 2684 ipsius
876 2614 1023 2681 calefiunt,
1047 2618 1168 2672 sentitur

147 2686 240 2738 fumus
256 2686 351 2739 exiens
368 2702 385 2738 a
402 2702 517 2754 corpore
531 2689 630 2740 acutus
648 2686 722 2755 (aaz.
738 2688 776 2740 ad
792 2688 836 2742 Gl.
852 2688 908 2754 XI,
921 2690 966 2755 13)
984 2686 995 2760 11
1014 2692 1085 2741 1918
1105 2705 1167 2744 con·

148 2773 226 2811 cessa
245 2758 273 2810 b:
294 2773 357 2809 oum
377 2760 468 2811 cessat
482 2759 501 2811 d
517 2761 521 2825 Ι
537 2758 613 2826 poris
629 2758 711 2826 (pois)
726 2759 754 2812 b:
769 2759 859 2826 portis
873 2760 892 2814 d
910 2758 919 2830 11
939 2762 1007 2812 1949
1023 2758 1121 2815 exalat
1135 2759 1169 2815 bd

220 2832 289 2880 1950
308 2830 383 2883 rubr.
403 2827 445 2881 De
467 2829 562 2883 ethica
580 2831 596 2883 b
617 2832 621 2895 1
641 2832 711 2884 tres:
731 2830 765 2895 cf.
785 2831 871 2884 tertia
889 2830 947 2884 sive
966 2829 1093 2884 secunda
1112 2837 1168 2887 oet

147 2903 173 2964 2,
183 2903 244 2954 553.
277 2900 362 2953 tertia
376 2917 418 2954 ur.
428 2904 481 2954 985
497 2907 544 2955 cic.
561 2904 566 2968 1
583 2901 704 2971 distigdt
713 2904 771 2970 (sio)
784 2902 799 2955 b
813 2901 822 2974 11
838 2907 904 2955 1951
917 2901 1011 2955 cibum
1024 2905 1169 2971 sumptum

147 2971 371 3038 d2suptucib1'1
395 2972 410 3024 b
432 2971 442 3042 11
468 2976 534 3025 1952
560 2989 717 3041 supremam
737 2973 822 3027 Dor:
842 2973 896 3026 -da
919 2972 987 3045 11111
1011 2978 1081 3028 1955
1105 2990 1170 3043 pars

149 3093 258 3130 summa
276 3094 322 3141 m.,
348 3077 440 3132 minor
459 3079 488 3131 d:
514 3095 645 3147 suprema
663 3078 771 3133 micans
791 3079 874 3134 nitor.
895 3081 910 3133 b
932 3079 943 3164 11
967 3085 1035 3133 1956
1056 3082 1107 3149 qui
1131 3057 1169 3151 (ἆ)

149 3150 176 3203 b:
204 3164 258 3217 que
283 3149 302 3203 d
326 3148 336 3220 11
363 3153 431 3202 1959
458 3150 564 3203 erimna
587 3152 659 3206 Dor.
683 3154 732 3220 qai
757 3150 862 3217 confert
885 3151 969 3222 Egeri.
994 3152 1028 3205 dc
1052 3169 1097 3207 ur.
1116 3156 1171 3208 285

149 3220 306 3274 crimnodes
332 3221 415 3288 (quod
442 3238 476 3274 ex
504 3223 651 3289 lbeopbilo
678 3225 746 3276 11111
772 3225 854 3277 etiam
880 3224 1042 3278 Puteanus
1069 3223 1106 3290 cf.
1129 3225 1169 3279 Io.

148 3292 290 3346 interdum
309 3291 494 3346 resolutiones
516 3292 621 3346 similes
640 3293 743 3362 petalis
768 3295 818 3347 aut
841 3293 996 3348 furfuribus
1021 3295 1072 3348 aut
1098 3296 1171 3349 crin·

148 3398 192 3450 nis
211 3399 251 3453 sic
269 3399 422 3466 Amploab
443 3399 522 3452 crina
541 3402 573 3467 (9)
593 3401 619 3465 d,
639 3389 723 3454 cirine.
737 3418 791 3469 pro
810 3389 892 3453 cinna
916 3402 939 3455 b.
973 3401 1009 3468 cf.
1028 3401 1127 3457 Simon
1149 3420 1171 3457 a.

148 3469 294 3539 tryeoe'dee
321 3471 370 3539 (ad
396 3471 510 3524 modum
535 3472 618 3524 larris
642 3474 727 3541 Plot.)
753 3473 756 3541 1
782 3473 860 3526 tenet
886 3473 901 3526 b
928 3472 938 3544 11
965 3478 1035 3526 1991
1063 3479 1128 3528 οδω
1156 3476 1171 3529 b

149 3541 258 3609 (Plora
278 3541 373 3595 omnia
392 3544 458 3610 (oia)
477 3543 496 3595 d
