2422 3998
90 153 155 208 VIII

93 302 233 364 Odoardo
253 303 380 381 genitus,
399 301 555 379 presbyter
574 300 734 361 cardinalis
755 300 784 360 S.
796 300 948 377 Praxedis,
966 320 1116 381 magnum

92 395 189 454 evasit
217 392 386 452 nobilitatis
413 391 567 451 Romanae
595 384 701 450 decus'
729 393 783 450 etc.
808 393 898 468 atque
925 392 971 450 ita
998 391 1117 452 factum

93 486 139 543 est
165 486 201 542 ut
226 481 372 541 referente
395 479 472 543 (1.1.
492 480 574 559 Eggs
596 480 629 538 in
651 479 791 556 Purpura
814 480 902 540 docta
924 481 1005 540 Mon.
1027 483 1116 541 1714

92 572 149 632 t.I
174 592 203 648 p.
224 572 286 630 109
316 573 347 629 61
373 591 401 646 p.
423 571 486 629 138
517 569 592 629 duos
622 569 766 629 Iohannis
796 571 916 628 numine
947 569 1117 630 habeamus

94 660 259 721 cardinales
283 658 509 734 Columnonses,
535 659 663 718 alterum
687 657 821 717 Eduardi
847 658 957 734 filium,
984 659 1118 719 alterum

94 748 237 826 Cdoardi,
258 770 321 809 una
340 749 504 825 eademque
522 751 595 806 nota
613 766 690 824 quae
709 748 748 806 ad
767 747 945 808 Columnam
962 748 1118 823 quendam

93 839 236 916 pertinet,
266 840 306 898 ad
333 841 494 913 utrumque
521 838 680 896 translata.
725 837 864 896 similiter
890 839 993 898 nostro
1021 838 1118 897 etiam

94 933 228 1006 tempore
251 929 287 987 A.
303 926 399 1004 Coppi
422 919 578 1007 (Memoria
603 925 761 986 Colonnesi
783 927 880 986 Roma
902 927 987 986 1856
1010 945 1042 1004 p.
1057 918 1118 1009 54)

94 1019 259 1078 Iohannem
282 1017 318 1076 de
342 1016 371 1075 S.
386 1015 481 1075 Paulo
505 1014 681 1075 eCiaoonio
704 1016 790 1091 ponit
811 1015 910 1075 filium
928 1015 1064 1075 Eduardi
1087 1018 1119 1077 et

95 1098 138 1189 (p.
155 1100 212 1187 56)
232 1126 267 1165 ex
285 1106 389 1165 eodem
409 1103 547 1165 Ciaconio
566 1106 730 1165 Iohannem
750 1103 926 1165 Columnam
945 1105 1119 1165 Romanum

96 1191 196 1275 ‘figlio
220 1195 252 1254 di
273 1215 315 1253 un
339 1188 503 1255 Odcardo'.

167 1286 243 1343 Mihi
262 1287 363 1343 autem
382 1283 425 1343 sic
443 1282 649 1344 coniciendum
665 1282 792 1358 videtur,
811 1281 985 1343 Ilduardum
999 1285 1120 1359 patrem

96 1374 246 1450 pertinere
270 1373 309 1433 ad
332 1373 495 1432 Iohannem
519 1373 554 1431 de
580 1371 726 1431 Columna
746 1372 930 1450 Romanum,
953 1373 1120 1433 Iohannem

97 1463 133 1522 dc
162 1463 272 1522 Sancto
299 1461 395 1522 Paulo
428 1480 447 1520 a
474 1463 576 1538 patria
604 1480 768 1538 cognomen
795 1464 921 1521 traxisse
950 1460 1120 1537 Catinensi,

97 1551 181 1611 cuius
212 1554 318 1628 postea
349 1551 447 1610 factus
475 1553 522 1610 est
551 1551 716 1626 episcopus.
767 1552 894 1629 legimus
927 1550 1007 1610 enim
1038 1551 1122 1610 inter

97 1642 272 1718 episcopum
285 1640 418 1700 Iohanne
432 1643 551 1699 mortuo
567 1639 759 1700 sabinensem
774 1633 827 1720 (ab
842 1660 868 1700 a.
879 1633 981 1721 1216)
995 1639 1121 1699 Petrum

97 1731 281 1790 cardinalem
288 1721 488 1810 (Duaoensem
497 1722 638 1810 Belgam)
648 1734 680 1787 61
693 1728 984 1806 archipresbyterum
998 1730 1120 1789 canoni·

98 1838 206 1897 cosque
224 1820 294 1878 lites
313 1822 394 1880 ortas
413 1818 505 1879 fuisse
525 1813 628 1896 ‘super
647 1818 779 1879 ecclesiis
798 1820 829 1878 in
848 1819 954 1879 castris
973 1818 1010 1879 de
1029 1819 1122 1878 Tauri

99 1912 129 1970 61
157 1909 185 1971 S.
204 1909 294 1969 Polo
323 1912 353 1969 et
380 1908 416 1968 de
439 1909 521 1967 Roca
549 1911 579 1968 et
605 1909 638 1966 in
665 1909 838 1968 tenimentis
865 1927 968 1968 eorum
994 1902 1120 1983 positis’

98 1998 136 2058 ab
156 1998 290 2060 Honorio
313 2018 394 2075 papa
412 1998 460 2058 III
484 1999 663 2074 compositas
682 1998 791 2058 litteris
810 1998 889 2058 datis
908 1998 1022 2056 Reatae
1041 2015 1120 2056 anno

100 2091 200 2163 1219,
231 2106 304 2165 quas
330 2088 438 2148 Italiae
463 2106 564 2146 sacrae
586 2087 715 2146 inseruit
733 2087 854 2165 Ughelli
878 2080 908 2167 (I
926 2086 1003 2145 Rom
1033 2087 1120 2145 1644

99 2179 154 2236 col.
171 2177 234 2236 186
254 2196 308 2252 66,
338 2176 383 2235 ed.
403 2195 458 2235 seo.
473 2176 501 2247 Ι,
522 2167 601 2256 162)
625 2179 656 2235 61
683 2195 719 2234 ex
743 2176 846 2237 eodem
870 2175 1013 2254 originali
1033 2175 1121 2234 Vati·

100 2285 174 2326 cano
207 2266 303 2325 denuo
339 2264 434 2324 edidit
470 2265 529 2323 Ios.
554 2263 736 2341 Cappelletti
769 2264 825 2331 (Le
863 2264 968 2324 Chiese
1001 2263 1122 2324 d'Italia

99 2361 120 2415 1.
139 2356 155 2413 I
176 2356 261 2415 1844
281 2375 309 2431 p.
325 2346 414 2436 604).
461 2353 541 2430 quod
568 2354 616 2413 hic
639 2356 813 2414 nominatur
835 2354 992 2414 castellum
1011 2348 1120 2414 ‘Santo

100 2439 190 2503 Polo'
228 2443 321 2519 linter
353 2436 451 2503 Civitb
485 2442 658 2502 Castellana
694 2445 787 2504 situm
824 2447 854 2503 et
885 2443 984 2502 Itocoa
1020 2444 1122 2503 antica

101 2534 234 2609 Spruner
257 2552 305 2592 no.
323 2526 358 2614 6)
381 2534 480 2592 nescio
500 2551 544 2591 an.
557 2552 637 2592 nunc
655 2535 736 2592 extet
753 2534 785 2592 in
805 2531 917 2592 Sabina
935 2525 1020 2613 (nam
1038 2532 1123 2593 deest

100 2624 132 2681 in
146 2622 319 2682 Dizionario
338 2621 386 2680 dei
400 2620 526 2682 Comani
544 2621 640 2680 Roma
656 2623 740 2681 1885
761 2643 789 2699 p.
806 2623 879 2680 190.
897 2613 984 2703 192),
1002 2622 1122 2682 saeculo

102 2714 202 2772 autem
229 2704 350 2770 XVIII¹
379 2711 421 2771 sio
449 2710 626 2770 describitur
649 2730 667 2769 a
692 2711 722 2772 C.
737 2711 820 2770 Bart.
839 2710 946 2770 Piazza
969 2703 1029 2792 (La
1056 2729 1122 2788 ger·

102 2801 204 2862 archia
222 2799 416 2860 cardinalitia
428 2800 525 2859 Roma
541 2801 625 2859 1703
646 2821 674 2877 p.
688 2796 779 2879 155);
799 2795 902 2860 Ἵ16116
915 2798 1019 2860 rovine
1033 2817 1123 2860 senza

102 2890 212 2950 dubbio
227 2889 295 2948 dell'
306 2889 406 2950 antico
420 2889 621 2964 Foronov0,
639 2908 713 2966 poco
732 2884 786 2966 piir
804 2889 890 2968 lungi
908 2889 999 2949 di’un
1015 2889 1122 2967 miglio

102 2980 150 3041 del
182 2980 272 3038 fiume
294 2978 400 3038 Imella
428 2997 516 3038 overo
540 2978 636 3053 Allia,
665 2979 735 3056 oggi
764 2980 915 3039 obiamato
942 2979 1032 3054 haja,
1060 2977 1122 3056 egli

103 3069 129 3129 si
164 3063 179 3128 ‘e
213 3068 381 3129 fabbricato
417 3071 523 3143 questo
559 3068 682 3127 castello
717 3067 749 3126 in
780 3070 837 3128 sito
868 3068 1015 3128 eminente
1045 3086 1061 3125 6
1091 3066 1123 3125 di

103 3158 202 3218 fertile
220 3157 386 3232 territorio,
404 3157 565 3233 posseduto
585 3157 666 3216 dalla
684 3176 777 3218 rever.
812 3156 937 3217 Camere
954 3155 1122 3232 apostolica

191 3246 237 3306 La
266 3246 366 3309 chiesa
393 3245 555 3305 medesima
583 3247 769 3322 parrochinle
797 3241 813 3305 *e
841 3246 956 3306 situata
987 3245 1037 3303 nel
1069 3239 1124 3321 pib

104 3335 252 3395 eminente
279 3336 327 3394 del
354 3336 491 3411 castello,
518 3338 598 3394 sotto
626 3335 838 3396 l'invooaaione
865 3335 909 3395 de'
934 3334 1046 3394 sudetti
1070 3333 1122 3395 SS.

104 3426 245 3502 Apostoli
276 3425 376 3485 Pistre
412 3444 427 3485 e
459 3424 553 3485 Paolo
577 3470 584 3484 .
605 3469 638 3484 ..
669 3426 754 3485 visne
788 3426 940 3484 chiamata
974 3425 1021 3484 sul
1058 3424 1122 3483 solo

103 3516 223 3576 nomine
247 3514 278 3573 di
298 3513 408 3575 Santo
427 3513 513 3573 Polo
609 3514 658 3573 Ha
681 3514 713 3574 di
736 3533 836 3574 annua
864 3515 984 3573 entrata
1010 3512 1123 3573 inciroa
