2422 3998
108 185 172 252 104
237 181 458 238 serviemus
477 181 653 238 IOHANNIS
672 182 721 237 Du
740 181 881 238 SANGTO
900 181 1021 239 PAULO

480 323 597 395 (eraso
616 324 718 379 asser
736 324 780 394 ιι.)

177 430 264 486 Primi
283 431 350 486 libri
367 431 453 486 series
472 431 640 486 exteriorum
658 432 821 499 passionum
838 432 992 486 tractatum
1011 433 1163 488 continuit

105 505 163 558 tam
184 519 280 558 aarum
299 519 353 572 que
371 502 402 557 in
420 502 594 571 quibuslibet
612 503 797 558 exterioribus
812 503 945 557 membris
958 503 1020 558 fieri
1033 508 1162 573 possunt

106 576 138 629 ut
156 574 234 642 lepre
252 592 337 643 quam
356 590 452 629 earum
476 590 530 643 que
553 574 584 628 in
607 574 774 643 quibusdam
792 575 904 628 tantum
923 573 1056 642 partibus
1074 575 1160 631 fiunt.

105 648 139 700 ut
160 645 260 700 boccii.
297 645 345 700 hic
367 646 463 700 autem
485 645 558 700 liber
583 645 715 699 enodabit
740 645 884 714 passiones
909 647 1102 701 animatorum
1129 650 1163 702 et

107 716 296 785 spiritualium
319 717 514 772 membrorum.
557 715 795 785 Incipiendum
820 720 871 772 est
893 734 911 771 a
933 717 1051 787 capite
1079 719 1161 787 quod

106 790 149 843 est
166 788 254 843 totius
273 789 397 858 corporis
415 787 502 842 radix.
532 788 583 842 sub
603 787 682 842 cuius
700 788 855 856 preiudicio
873 788 1000 843 membra
1017 789 1162 845 inferiora

106 861 315 915 commoventur
342 862 371 914 et
398 859 520 928 quodam
546 875 620 913 nexu
646 858 781 913 familiari
812 861 963 914 nectuntur
994 861 1160 917 ministerio

105 931 260 1001 naturali.¹)
289 929 358 986 (ium
371 930 462 1001 igitur
475 929 576 999 capitis
591 930 680 984 multe
694 931 751 985 sint
765 931 945 1001 egritudines.
974 931 1162 987 exordiamur

106 1002 237 1058 adolore
256 1001 365 1071 capitis.
400 1002 532 1071 quoniam
551 1002 646 1070 sepius
665 1001 770 1056 accidit
785 1044 790 1056 .
803 1044 826 1056 ..

461 1170 634 1241 (Capitula
652 1171 735 1225 libri
752 1170 798 1241 Il.)

105 1280 148 1335 De
167 1278 262 1334 dolore
281 1277 392 1347 capitis.
641 1277 683 1331 De
702 1276 824 1331 naribus.

105 1351 147 1406 De
165 1351 262 1406 mania
279 1352 308 1405 et
329 1348 505 1404 melancolia.
641 1349 683 1402 De
703 1349 802 1403 coriae.

105 1423 148 1477 De
165 1422 277 1477 frenesi.
641 1421 683 1474 De
702 1420 792 1474 fetore
811 1419 929 1474 narium.

105 1493 148 1548 De
166 1493 308 1564 lithargia.
641 1491 684 1545 De
702 1491 792 1546 fetore
810 1492 875 1546 oris.

105 1564 147 1620 De
166 1564 309 1619 scotomia.
641 1563 684 1617 De
702 1562 780 1617 vitiis
798 1562 933 1617 dentium.

105 1636 147 1690 De
166 1635 339 1706 epilempsia.
642 1635 684 1688 De
701 1633 795 1688 uvula.

105 1707 147 1762 De
166 1705 322 1776 apoplexia.
642 1706 684 1761 De
703 1704 858 1773 quinantia.

105 1778 147 1833 De
166 1777 289 1848 paralisi.
642 1777 684 1832 De
703 1793 777 1831 voce.

105 1849 147 1905 De
166 1865 287 1920 spasmo.
642 1848 685 1903 De
702 1849 782 1903 tussi.

105 1922 148 1976 De
166 1921 261 1977 dolore
281 1919 433 1976 oculorum.
643 1920 685 1975 De
705 1918 886 1989 emoptoycis.

106 1992 148 2048 De
166 1993 278 2048 defectu
296 1992 381 2047 visus.
642 1991 684 2046 De
704 1991 828 2060 empicis.

106 2065 148 2119 De
165 2065 251 2119 variis
270 2063 418 2119 medicinis
437 2062 588 2117 oculorum.
642 2062 684 2117 De
702 2062 780 2131 ptisi.

105 2137 147 2191 De
167 2136 264 2191 dolore
283 2136 401 2189 aurium.
642 2134 684 2188 De
703 2132 825 2203 pleuresi
844 2135 873 2186 et
890 2131 1127 2202 peripleumonia.

105 2208 148 2261 De
166 2207 280 2279 defectu
299 2206 421 2261 auditus.
642 2206 684 2260 De
703 2206 817 2260 asmate.

106 2278 148 2332 De
167 2278 313 2348 sanguinis
331 2276 416 2331 fluxu.
641 2278 683 2331 De
703 2277 820 2345 sincopi.

176 2368 208 2492 gt
230 2369 246 2435 .)
272 2365 393 2449 Reliqua
418 2364 526 2449 auxilia
551 2381 585 2418 ex
609 2365 731 2448 propriis
757 2367 822 2419 sunt
846 2364 1016 2433 requirenda
1043 2382 1077 2420 ca
1097 2365 1157 2420 itu·

106 2437 149 2492 lis.
195 2438 331 2492 tatnimus
347 2453 421 2491 emm
436 2454 466 2489 ιιι
480 2436 533 2490 hoc
547 2452 631 2505 opere
646 2437 681 2491 de
696 2436 814 2506 singulis
828 2435 951 2491 breviter
964 2451 1056 2520 agere.
1099 2437 1157 2493 'cet

107 2509 275 2577 quandoque
294 2509 443 2562 decurrens
462 2523 551 2561 sermo
571 2507 691 2562 detineri
710 2524 765 2561 non
783 2508 873 2575 possit
892 2524 927 2562 ne
945 2508 1029 2561 hmus
1045 2508 1088 2562 rei
1102 2507 1157 2563 sli-

107 2580 176 2649 quid
193 2580 298 2635 redeat.
330 2580 384 2634 hoc
403 2580 477 2633 enim
497 2579 603 2649 cogitet
622 2579 671 2648 qui
690 2579 757 2648 (cod.
772 2579 803 2633 D
822 2579 915 2648 cogito
935 2579 1061 2650 quidem)
1081 2580 1157 2635 eius·

106 2650 183 2707 modi
203 2653 253 2706 est.
285 2651 352 2720 quia
372 2651 421 2720 qui
439 2651 490 2705 dat
508 2650 543 2705 de
562 2649 681 2720 singulis
700 2650 809 2719 aliquid
827 2650 950 2719 plurima
967 2649 1057 2705 offert.

404 2820 433 2891 (s.
445 2826 496 2875 145
516 2819 679 2890 Capitula
697 2818 781 2873 libri
799 2818 856 2887 111.)

107 2928 149 2982 De
169 2927 292 2982 fastidio.
642 2925 684 2980 De
703 2925 817 2979 diarria.

106 3000 149 3055 De
167 2998 297 3053 bulismo.
643 2998 684 3051 De
703 2997 840 3051 lienteria.

107 3069 149 3125 De
168 3070 224 3125 siti.
643 3070 684 3123 De
704 3069 877 3123 dissenteria.

108 3141 149 3197 De
168 3141 334 3196 ructatione.
643 3142 685 3195 De
703 3142 858 3194 tenesmon.

107 3212 149 3268 De
167 3213 283 3268 vomitu.
644 3212 685 3266 De
703 3208 803 3281 yliacis
822 3213 851 3265 et
870 3210 974 3266 colicis.

107 3284 149 3339 De
172 3283 268 3339 dolore
292 3284 431 3338 stomachi
454 3286 482 3338 et
505 3282 616 3337 intesti-
643 3284 685 3337 De
703 3282 857 3337 lumbricis.

143 3371 250 3411 norum.
643 3355 685 3409 De
703 3353 881 3423 passionibus
900 3353 955 3408 ani.

181 3538 205 3604 1)
225 3537 291 3589 sunt
305 3533 445 3590 Theodori
458 3533 595 3587 Prisciani
611 3532 696 3587 verba
714 3551 741 3601 p.
753 3538 813 3599 217,
830 3536 862 3586 19
880 3531 976 3600 qualia
995 3546 1029 3586 ex
1043 3530 1156 3589 Passio-

108 3606 186 3660 nario
205 3604 252 3673 Ill,
267 3611 301 3660 43
320 3605 407 3660 traxit
425 3605 570 3659 lohannes.
