2422 3998
486 193 655 249 VIATIOUS

56 347 84 406 si
110 346 154 406 sit
177 347 210 405 in
233 349 395 424 augmento
419 346 511 422 lapss,
535 349 748 424 augmentatur
772 366 870 405 arena.

10 458 36 501 us
56 439 85 495 si
111 436 318 510 confirmetur,
341 453 401 493 non
424 436 543 509 crescit,
567 435 619 494 sed
642 437 803 494 minuetur.

136 525 266 604 (lolligo,
290 524 451 601 tripliciter
473 523 570 601 specie
593 524 718 586 discissa
740 524 871 584 facultas

56 615 227 693 mingendi.
264 615 386 673 solitam
410 613 571 673 dissuria
594 617 738 692 prorogat
759 615 880 690 horam,

56 704 186 763 scuria
211 703 255 762 nil
277 702 391 778 fundit,
415 702 560 781 guttatim
579 704 661 763 faece
683 702 840 778 recludens

57 792 297 871 stranguriae
313 802 460 869 ‘pressura
482 792 570 869 pluit
606 811 685 852 nunc
708 791 843 870 simplice
866 813 956 854 causa

10 902 38 945 irc
57 884 209 958 exoritur,
232 901 311 941 nunc
334 884 411 940 hanc
434 883 594 941 humorum
617 884 704 960 copia
726 901 835 958 penam

56 971 180 1030 inducit
202 991 279 1047 quae
302 971 417 1032 viscoso
441 970 619 1049 glutinoque
642 974 742 1031 tenaci

57 1060 181 1139 inpedit
203 1061 307 1120 urinae
331 1079 459 1120 cursum.
497 1061 532 1120 fit
555 1060 672 1120 adhoc
696 1060 754 1120 tibi
776 1063 896 1140 signum

59 1152 193 1210 minctus
216 1151 249 1208 in
272 1149 361 1209 urina
384 1150 505 1227 pingui,
528 1149 645 1210 viscosa
669 1149 782 1226 diaeta,

59 1239 241 1316 plectoricus
266 1240 391 1316 patiens.
429 1258 499 1298 cum
521 1258 644 1299 causam
667 1240 774 1299 noxius
799 1242 885 1318 algor

10 1347 43 1389 ves
60 1329 168 1403 efficit,
192 1330 265 1388 haec
289 1330 423 1406 signant,
448 1329 547 1405 pallor
569 1328 712 1405 patientis
737 1334 767 1389 et
790 1349 842 1389 aer

10 1484 12 1489 ,
60 1418 222 1493 brumalis,
246 1421 355 1476 natura
378 1418 446 1476 loci.
484 1419 509 1477 si
531 1419 632 1494 passio
656 1419 741 1478 nervi

10 1500 13 1571 l
63 1508 206 1566 ariditate
230 1509 326 1581 vonit,
349 1508 473 1581 macies,
497 1508 662 1567 contractio
687 1507 825 1582 membri,

10 1634 12 1658 t
62 1597 171 1674 longus
194 1597 373 1673 praecedens
397 1596 518 1656 morbus
542 1597 598 1656 tibi
622 1598 683 1657 sint
705 1599 770 1657 vice
793 1599 881 1674 signi.

65 1686 88 1744 si
111 1687 153 1745 sit
176 1690 349 1761 apostaseos
373 1687 524 1762 collectio,
548 1706 637 1746 causa
661 1687 762 1745 dolore

40 1778 152 1850 eatque
176 1778 293 1834 tumore
317 1775 376 1834 loci
398 1778 511 1851 pateat.
549 1777 575 1834 si
600 1776 732 1836 calculus
757 1775 871 1849 obstat,

65 1864 118 1924 hoc
142 1863 252 1924 emissa
274 1863 332 1924 tibi
354 1883 422 1922 cum
445 1867 526 1925 faece
549 1865 668 1924 notabit
691 1883 790 1924 arena.

133 1953 267 2030 Prodiga
290 1954 448 2013 materiam
472 1955 657 2032 praescripto
681 1954 757 2013 velle
781 1954 916 2014 refundit

66 2043 193 2102 humano
217 2043 320 2121 generi
342 2046 469 2102 naturae
492 2045 596 2120 turpia
618 2046 720 2103 texens

67 2131 194 2209 dampna
218 2152 416 2210 gonorreae
440 2133 593 2192 violentia.
630 2133 768 2210 pluribus
793 2136 892 2191 ortum

26 2226 52 2270 ⁶¹⁶
65 2221 190 2298 suscipit
213 2242 248 2280 ex
273 2224 379 2281 causis.
416 2223 514 2282 laticis
538 2242 609 2282 nam
633 2223 730 2282 stillat
753 2222 792 2281 ad
815 2223 911 2281 instar

65 2329 181 2386 sperma
204 2311 293 2370 nimis
316 2312 454 2387 fluidum,
479 2314 527 2371 vel
549 2312 727 2372 habundans
751 2331 821 2372 vase
844 2312 958 2388 repleto

134 2458 204 2507 1526
223 2456 298 2509 rubr.
319 2454 360 2508 De
385 2454 485 2509 dissur.
506 2457 590 2510 suria.
610 2456 761 2526 stranguir.
782 2457 870 2525 signis
895 2455 1042 2524 speciebus
1068 2457 1084 2510 b

64 2526 97 2590 cf.
116 2527 191 2580 Plot.
210 2528 243 2579 in
265 2527 378 2594 capric
401 2528 494 2596 lepide
517 2544 550 2581 ex
573 2527 640 2581 Gar.
661 2529 780 2595 (Esset.)
800 2533 825 2593 3,
840 2531 955 2582 62-64.
993 2529 1034 2582 Ιο.
1053 2529 1085 2581 ic

59 2599 174 2665 proprio
202 2614 277 2666 cap„-
305 2596 484 2666 Stranguiria
512 2601 555 2652 est
579 2598 720 2667 preclusio
745 2599 838 2653 vesice
863 2599 977 2666 quando
1002 2599 1085 2651 urina

65 2669 198 2735 guttatim
221 2669 367 2738 mingitur.
405 2669 434 2723 Si
452 2686 518 2724 vero
537 2669 698 2724 nullatenus
723 2671 815 2724 emitti
834 2671 928 2738 potest
947 2670 1002 2723 nisi
1020 2673 1085 2738 post

66 2737 168 2792 horam.
207 2739 329 2793 dissuria
353 2741 522 2810 appellatur.
561 2741 590 2794 Si
614 2741 721 2794 diutius
746 2746 840 2795 autem
860 2741 941 2794 urine
960 2741 1085 2794 officium

67 2809 228 2880 denegatur.
256 2813 356 2865 scuria.
400 2813 487 2866 Fiunt
514 2830 548 2866 ex
576 2813 683 2867 eisdem
712 2813 875 2867 causis...
922 2812 1085 2866 Nascuntur

68 2882 149 2936 etiam
178 2899 212 2938 ex
239 2883 339 2936 crossia
368 2886 397 2937 et
420 2884 536 2939 viscosis
564 2883 729 2938 humoribus
758 2883 953 2952 oppilantibus
981 2882 1085 2937 collum

67 2954 160 3009 vesice.
194 2953 381 3023 intelligimus
397 2955 452 3009 hoc
466 2956 534 3024 quia
547 2955 684 3025 precessit
700 2956 778 3009 dieta
796 2955 960 3024 generativa
979 2972 1084 3009 crosso·

67 3038 124 3078 rum
142 3028 172 3079 et
184 3026 356 3080 viscosorum
374 3027 532 3082 humorum.
566 3027 736 3096 quandoque
755 3044 790 3081 ex
808 3029 900 3080 acutis
919 3026 1084 3080 humoribus

67 3097 203 3167 contingit
228 3098 304 3166 quod
332 3099 525 3167 cognoscimus
553 3115 605 3168 per
629 3099 710 3153 urine
735 3097 866 3153 ruborem
894 3101 922 3152 et
946 3099 1082 3152 ardorem.

64 3206 133 3266 fiunt
152 3215 247 3266 cutem
267 3230 301 3267 ex
320 3213 425 3283 frigido
445 3215 529 3282 aere!
551 3191 658 3285 Colligi
677 3215 785 3283 triplici
804 3215 863 3283 (sic)
883 3230 933 3337 spe
952 3183 1040 3267 dicire
1059 3216 1082 3268 b.

61 3282 98 3343 cf,
118 3284 158 3338 sic
180 3285 283 3354 collige
303 3291 371 3339 2322
396 3285 405 3358 Η
429 3291 499 3339 1528
518 3286 623 3340 scuria:
647 3289 666 3341 t.
686 3286 811 3340 ischuria
832 3288 835 3356 l
856 3284 1016 3339 recudens:
1042 3303 1083 3340 re-

60 3349 154 3409 eludit
173 3357 188 3410 b
206 3356 216 3428 41
235 3361 305 3410 1629
325 3357 485 3426 strangurie
505 3358 520 3410 b
538 3357 548 3429 ΙΙ
568 3363 636 3442 2532
656 3358 685 3410 h'
705 3360 720 3413 b

135 3432 204 3481 1642
223 3430 298 3484 rubr.
323 3429 365 3484 De
389 3445 534 3498 gomorree
558 3432 616 3500 (sec)
641 3431 734 3484 causis
757 3428 846 3498 signis
871 3428 1019 3496 speciebus
1039 3431 1054 3484 b
1078 3430 1080 3483 ἓ

49 3499 219 3568 Drescripto
242 3500 418 3570 ie(sic)velle
436 3527 463 3546 =
480 3499 671 3555 involuntario
694 3503 779 3566 Plat,
802 3503 843 3554 Io.
867 3499 877 3571 ll
904 3506 972 3554 1544
996 3501 1083 3569 pluri·

50 3553 115 3621 bus
130 3615 135 3624 .
149 3614 171 3624 ..
188 3571 293 3626 causis:
314 3572 404 3626 tribus
424 3573 458 3626 de
478 3573 570 3626 causis
589 3574 689 3628 Barth.
705 3574 733 3628 0.
750 3573 904 3640 S.11,326
1041 3597 1042 3600 ¹
