<?xml version="1.0" encoding="UTF-8"?>
<!DOCTYPE html PUBLIC "-//W3C//DTD XHTML 1.0 Transitional//EN"
    "http://www.w3.org/TR/xhtml1/DTD/xhtml1-transitional.dtd">
<html xmlns="http://www.w3.org/1999/xhtml" xml:lang="en" lang="en">
 <head>
  <title>
</title>
<meta http-equiv="Content-Type" content="text/html;charset=utf-8" />
  <meta name='ocr-system' content='tesseract 3.04.00' />
  <meta name='ocr-capabilities' content='ocr_page ocr_carea ocr_par ocr_line ocrx_word'/>
</head>
<body>
  <div class='ocr_page' id='page_1' title='image "./egidiicorbolien01rosegoog_0104.png"; bbox 0 0 2422 3998; ppageno 0'>
   <div class='ocr_carea' id='block_1_1' title="bbox 512 220 681 276">
    <p class='ocr_par' dir='ltr' id='par_1_1' title="bbox 512 220 681 276">
     <span class='ocr_line' id='line_1_1' title="bbox 512 220 681 276; baseline 0.012 -2"><span class='ocrx_word' id='word_1_1' title='bbox 512 220 681 276; x_wconf 80' lang='lat' dir='ltr'><strong>VIATIGUS</strong></span> 
     </span>
    </p>
   </div>
   <div class='ocr_carea' id='block_1_2' title="bbox 44 370 978 2594">
    <p class='ocr_par' dir='ltr' id='par_1_2' title="bbox 88 370 802 539">
     <span class='ocr_line' id='line_1_2' title="bbox 89 370 793 449; baseline 0.004 -19"><span class='ocrx_word' id='word_1_2' title='bbox 89 370 246 430; x_wconf 78' lang='lat' dir='ltr'>clauditur</span> <span class='ocrx_word' id='word_1_3' title='bbox 268 371 406 432; x_wconf 89' lang='lat' dir='ltr'>obstruso</span> <span class='ocrx_word' id='word_1_4' title='bbox 425 372 505 431; x_wconf 84' lang='lat' dir='ltr'>fluxu</span> <span class='ocrx_word' id='word_1_5' title='bbox 529 374 671 449; x_wconf 89' lang='lat' dir='ltr'>fumoque</span> <span class='ocrx_word' id='word_1_6' title='bbox 694 374 793 433; x_wconf 90' lang='lat' dir='ltr'>soluto</span> 
     </span>
     <span class='ocr_line' id='line_1_3' title="bbox 88 460 802 539; baseline 0.003 -20"><span class='ocrx_word' id='word_1_7' title='bbox 88 460 227 520; x_wconf 76' lang='lat' dir='ltr'><strong>matricis</strong></span> <span class='ocrx_word' id='word_1_8' title='bbox 249 461 375 520; x_wconf 83' lang='lat' dir='ltr'>fundum</span> <span class='ocrx_word' id='word_1_9' title='bbox 398 462 543 535; x_wconf 73' lang='lat' dir='ltr'>sustollit,</span> <span class='ocrx_word' id='word_1_10' title='bbox 566 464 696 539; x_wconf 78' lang='lat' dir='ltr'><strong>pectoris</strong></span> <span class='ocrx_word' id='word_1_11' title='bbox 720 465 802 522; x_wconf 89' lang='lat' dir='ltr'>artat</span> 
     </span>
    </p>

    <p class='ocr_par' dir='ltr' id='par_1_3' title="bbox 44 551 978 986">
     <span class='ocr_line' id='line_1_4' title="bbox 44 551 978 630; baseline 0.005 -22"><span class='ocrx_word' id='word_1_12' title='bbox 44 568 70 608; x_wconf 85' lang='lat' dir='ltr'>so</span> <span class='ocrx_word' id='word_1_13' title='bbox 90 569 237 624; x_wconf 85' lang='lat' dir='ltr'>concava,</span> <span class='ocrx_word' id='word_1_14' title='bbox 260 551 309 610; x_wconf 85' lang='lat' dir='ltr'>vel</span> <span class='ocrx_word' id='word_1_15' title='bbox 331 553 451 628; x_wconf 88' lang='lat' dir='ltr'>praeter</span> <span class='ocrx_word' id='word_1_16' title='bbox 473 551 596 610; x_wconf 89' lang='lat' dir='ltr'>solitum</span> <span class='ocrx_word' id='word_1_17' title='bbox 619 570 686 610; x_wconf 91' lang='lat' dir='ltr'>oum</span> <span class='ocrx_word' id='word_1_18' title='bbox 709 551 854 630; x_wconf 89' lang='lat' dir='ltr'>languida</span> <span class='ocrx_word' id='word_1_19' title='bbox 877 556 978 630; x_wconf 92' lang='lat' dir='ltr'>torpet</span> 
     </span>
     <span class='ocr_line' id='line_1_5' title="bbox 88 639 838 717; baseline 0.003 -19"><span class='ocrx_word' id='word_1_20' title='bbox 88 639 225 717; x_wconf 74' lang='lat' dir='ltr'><strong>insopita</strong></span> <span class='ocrx_word' id='word_1_21' title='bbox 246 659 339 700; x_wconf 88' lang='lat' dir='ltr'>venus</span> <span class='ocrx_word' id='word_1_22' title='bbox 362 659 526 716; x_wconf 88' lang='lat' dir='ltr'>renumque</span> <span class='ocrx_word' id='word_1_23' title='bbox 550 642 701 700; x_wconf 74' lang='lat' dir='ltr'>remittere</span> <span class='ocrx_word' id='word_1_24' title='bbox 724 644 838 700; x_wconf 90' lang='lat' dir='ltr'>motum</span> 
     </span>
     <span class='ocr_line' id='line_1_6' title="bbox 89 730 850 806; baseline 0.003 -19"><span class='ocrx_word' id='word_1_25' title='bbox 89 747 249 805; x_wconf 89' lang='lat' dir='ltr'>surrepens</span> <span class='ocrx_word' id='word_1_26' title='bbox 272 730 391 789; x_wconf 88' lang='lat' dir='ltr'>novitas</span> <span class='ocrx_word' id='word_1_27' title='bbox 415 748 523 789; x_wconf 90' lang='lat' dir='ltr'>causae</span> <span class='ocrx_word' id='word_1_28' title='bbox 547 730 702 806; x_wconf 81' lang='lat' dir='ltr'>compellit</span> <span class='ocrx_word' id='word_1_29' title='bbox 724 734 755 790; x_wconf 90' lang='lat' dir='ltr'>ct</span> <span class='ocrx_word' id='word_1_30' title='bbox 776 749 850 790; x_wconf 89' lang='lat' dir='ltr'>usus</span> 
     </span>
     <span class='ocr_line' id='line_1_7' title="bbox 90 818 912 898; baseline 0.001 -21"><span class='ocrx_word' id='word_1_31' title='bbox 90 821 228 878; x_wconf 88' lang='lat' dir='ltr'>assuetos</span> <span class='ocrx_word' id='word_1_32' title='bbox 251 818 370 878; x_wconf 77' lang='lat' dir='ltr'>cohibet</span> <span class='ocrx_word' id='word_1_33' title='bbox 392 819 521 894; x_wconf 88' lang='lat' dir='ltr'>veneris,</span> <span class='ocrx_word' id='word_1_34' title='bbox 545 838 613 879; x_wconf 91' lang='lat' dir='ltr'>oum</span> <span class='ocrx_word' id='word_1_35' title='bbox 635 821 794 897; x_wconf 78' lang='lat' dir='ltr'>spermatis</span> <span class='ocrx_word' id='word_1_36' title='bbox 818 839 912 898; x_wconf 81' lang='lat' dir='ltr'>agger</span> 
     </span>
     <span class='ocr_line' id='line_1_8' title="bbox 89 907 831 986; baseline 0 -19"><span class='ocrx_word' id='word_1_37' title='bbox 89 907 226 983; x_wconf 89' lang='lat' dir='ltr'>corrupti</span> <span class='ocrx_word' id='word_1_38' title='bbox 248 907 331 967; x_wconf 85' lang='lat' dir='ltr'>virus</span> <span class='ocrx_word' id='word_1_39' title='bbox 354 911 479 986; x_wconf 88' lang='lat' dir='ltr'>generat</span> <span class='ocrx_word' id='word_1_40' title='bbox 500 907 682 984; x_wconf 73' lang='lat' dir='ltr'>vulvamque</span> <span class='ocrx_word' id='word_1_41' title='bbox 705 909 831 969; x_wconf 82' lang='lat' dir='ltr'>localem</span> 
     </span>
    </p>

    <p class='ocr_par' dir='ltr' id='par_1_4' title="bbox 44 997 973 1431">
     <span class='ocr_line' id='line_1_9' title="bbox 44 997 878 1076; baseline 0.002 -22"><span class='ocrx_word' id='word_1_42' title='bbox 44 1013 70 1054; x_wconf 80' lang='lat' dir='ltr'>se</span> <span class='ocrx_word' id='word_1_43' title='bbox 89 999 263 1074; x_wconf 85' lang='lat' dir='ltr'>permutare</span> <span class='ocrx_word' id='word_1_44' title='bbox 286 998 379 1057; x_wconf 86' lang='lat' dir='ltr'>situm</span> <span class='ocrx_word' id='word_1_45' title='bbox 402 999 484 1076; x_wconf 83' lang='lat' dir='ltr'>cogit</span> <span class='ocrx_word' id='word_1_46' title='bbox 506 997 579 1055; x_wconf 93' lang='lat' dir='ltr'>dum</span> <span class='ocrx_word' id='word_1_47' title='bbox 601 999 702 1058; x_wconf 85' lang='lat' dir='ltr'>fumus</span> <span class='ocrx_word' id='word_1_48' title='bbox 725 999 756 1057; x_wconf 93' lang='lat' dir='ltr'>in</span> <span class='ocrx_word' id='word_1_49' title='bbox 781 1000 878 1058; x_wconf 88' lang='lat' dir='ltr'>altum</span> 
     </span>
     <span class='ocr_line' id='line_1_10' title="bbox 89 1086 973 1164; baseline 0.002 -20"><span class='ocrx_word' id='word_1_50' title='bbox 89 1088 199 1146; x_wconf 88' lang='lat' dir='ltr'>noxius</span> <span class='ocrx_word' id='word_1_51' title='bbox 221 1086 299 1146; x_wconf 90' lang='lat' dir='ltr'>hanc</span> <span class='ocrx_word' id='word_1_52' title='bbox 321 1087 411 1147; x_wconf 92' lang='lat' dir='ltr'>tollit.</span> <span class='ocrx_word' id='word_1_53' title='bbox 449 1087 526 1146; x_wconf 92' lang='lat' dir='ltr'>solet</span> <span class='ocrx_word' id='word_1_54' title='bbox 548 1088 604 1146; x_wconf 92' lang='lat' dir='ltr'>hoc</span> <span class='ocrx_word' id='word_1_55' title='bbox 627 1088 792 1164; x_wconf 91' lang='lat' dir='ltr'>dampnum</span> <span class='ocrx_word' id='word_1_56' title='bbox 814 1087 973 1148; x_wconf 82' lang='lat' dir='ltr'>viduarum</span> 
     </span>
     <span class='ocr_line' id='line_1_11' title="bbox 90 1176 902 1254; baseline 0.002 -20"><span class='ocrx_word' id='word_1_57' title='bbox 90 1178 274 1252; x_wconf 84' lang='lat' dir='ltr'>attemptare</span> <span class='ocrx_word' id='word_1_58' title='bbox 297 1195 430 1254; x_wconf 87' lang='lat' dir='ltr'>gregem,</span> <span class='ocrx_word' id='word_1_59' title='bbox 454 1176 503 1236; x_wconf 85' lang='lat' dir='ltr'>vel</span> <span class='ocrx_word' id='word_1_60' title='bbox 526 1194 601 1252; x_wconf 81' lang='lat' dir='ltr'>quas</span> <span class='ocrx_word' id='word_1_61' title='bbox 623 1195 702 1236; x_wconf 90' lang='lat' dir='ltr'>nova</span> <span class='ocrx_word' id='word_1_62' title='bbox 725 1180 798 1237; x_wconf 81' lang='lat' dir='ltr'>vota</span> <span class='ocrx_word' id='word_1_63' title='bbox 820 1177 902 1237; x_wconf 84' lang='lat' dir='ltr'>virili</span> 
     </span>
     <span class='ocr_line' id='line_1_12' title="bbox 91 1265 820 1341; baseline 0.003 -17"><span class='ocrx_word' id='word_1_64' title='bbox 91 1284 112 1324; x_wconf 92' lang='lat' dir='ltr'>a</span> <span class='ocrx_word' id='word_1_65' title='bbox 134 1283 213 1323; x_wconf 81' lang='lat' dir='ltr'>nexu</span> <span class='ocrx_word' id='word_1_66' title='bbox 235 1265 388 1340; x_wconf 91' lang='lat' dir='ltr'>cohibent,</span> <span class='ocrx_word' id='word_1_67' title='bbox 411 1265 460 1325; x_wconf 81' lang='lat' dir='ltr'>vel</span> <span class='ocrx_word' id='word_1_68' title='bbox 483 1283 559 1341; x_wconf 90' lang='lat' dir='ltr'>quas</span> <span class='ocrx_word' id='word_1_69' title='bbox 582 1266 679 1324; x_wconf 87' lang='lat' dir='ltr'>tutela</span> <span class='ocrx_word' id='word_1_70' title='bbox 702 1270 820 1326; x_wconf 90' lang='lat' dir='ltr'>coactas</span> 
     </span>
     <span class='ocr_line' id='line_1_13' title="bbox 90 1353 852 1431; baseline 0.003 -18"><span class='ocrx_word' id='word_1_71' title='bbox 90 1353 205 1429; x_wconf 88' lang='lat' dir='ltr'>absque</span> <span class='ocrx_word' id='word_1_72' title='bbox 227 1355 293 1414; x_wconf 82' lang='lat' dir='ltr'>viro</span> <span class='ocrx_word' id='word_1_73' title='bbox 316 1358 432 1415; x_wconf 87' lang='lat' dir='ltr'>castum</span> <span class='ocrx_word' id='word_1_74' title='bbox 455 1355 541 1415; x_wconf 89' lang='lat' dir='ltr'>docet</span> <span class='ocrx_word' id='word_1_75' title='bbox 563 1354 720 1414; x_wconf 87' lang='lat' dir='ltr'>observare</span> <span class='ocrx_word' id='word_1_76' title='bbox 743 1355 852 1431; x_wconf 87' lang='lat' dir='ltr'>cubile,</span> 
     </span>
    </p>

    <p class='ocr_par' dir='ltr' id='par_1_5' title="bbox 44 1445 973 1876">
     <span class='ocr_line' id='line_1_14' title="bbox 44 1445 973 1521; baseline 0.005 -21"><span class='ocrx_word' id='word_1_77' title='bbox 44 1459 70 1499; x_wconf 80' lang='lat' dir='ltr'>eo</span> <span class='ocrx_word' id='word_1_78' title='bbox 90 1462 162 1502; x_wconf 90' lang='lat' dir='ltr'>cum</span> <span class='ocrx_word' id='word_1_79' title='bbox 184 1446 287 1503; x_wconf 87' lang='lat' dir='ltr'>tamen</span> <span class='ocrx_word' id='word_1_80' title='bbox 308 1445 365 1503; x_wconf 93' lang='lat' dir='ltr'>hoc</span> <span class='ocrx_word' id='word_1_81' title='bbox 387 1445 497 1503; x_wconf 90' lang='lat' dir='ltr'>natura</span> <span class='ocrx_word' id='word_1_82' title='bbox 519 1447 622 1521; x_wconf 88' lang='lat' dir='ltr'>neget,</span> <span class='ocrx_word' id='word_1_83' title='bbox 645 1446 692 1504; x_wconf 92' lang='lat' dir='ltr'>vel</span> <span class='ocrx_word' id='word_1_84' title='bbox 716 1445 845 1520; x_wconf 89' lang='lat' dir='ltr'>quilibet</span> <span class='ocrx_word' id='word_1_85' title='bbox 866 1445 973 1505; x_wconf 89' lang='lat' dir='ltr'>humor</span> 
     </span>
     <span class='ocr_line' id='line_1_15' title="bbox 90 1533 952 1611; baseline 0.005 -20"><span class='ocrx_word' id='word_1_86' title='bbox 90 1551 273 1608; x_wconf 88' lang='lat' dir='ltr'>exsuperans</span> <span class='ocrx_word' id='word_1_87' title='bbox 297 1533 482 1609; x_wconf 89' lang='lat' dir='ltr'>fundumque</span> <span class='ocrx_word' id='word_1_88' title='bbox 505 1535 621 1611; x_wconf 87' lang='lat' dir='ltr'>replens</span> <span class='ocrx_word' id='word_1_89' title='bbox 645 1535 779 1594; x_wconf 82' lang='lat' dir='ltr'>matricis</span> <span class='ocrx_word' id='word_1_90' title='bbox 801 1535 952 1595; x_wconf 83' lang='lat' dir='ltr'>honestae.</span> 
     </span>
     <span class='ocr_line' id='line_1_16' title="bbox 89 1621 921 1700; baseline 0.004 -20"><span class='ocrx_word' id='word_1_91' title='bbox 89 1621 256 1700; x_wconf 86' lang='lat' dir='ltr'>Frigiditas</span> <span class='ocrx_word' id='word_1_92' title='bbox 280 1622 460 1699; x_wconf 89' lang='lat' dir='ltr'>quandoque</span> <span class='ocrx_word' id='word_1_93' title='bbox 483 1622 565 1699; x_wconf 88' lang='lat' dir='ltr'>parit</span> <span class='ocrx_word' id='word_1_94' title='bbox 587 1623 743 1699; x_wconf 87' lang='lat' dir='ltr'>morbique</span> <span class='ocrx_word' id='word_1_95' title='bbox 766 1623 921 1683; x_wconf 87' lang='lat' dir='ltr'>ministrat</span> 
     </span>
     <span class='ocr_line' id='line_1_17' title="bbox 90 1712 950 1790; baseline -0.001 -19"><span class='ocrx_word' id='word_1_96' title='bbox 90 1729 228 1787; x_wconf 88' lang='lat' dir='ltr'>causam,</span> <span class='ocrx_word' id='word_1_97' title='bbox 252 1712 324 1770; x_wconf 92' lang='lat' dir='ltr'>dum</span> <span class='ocrx_word' id='word_1_98' title='bbox 347 1715 460 1772; x_wconf 88' lang='lat' dir='ltr'>tractat</span> <span class='ocrx_word' id='word_1_99' title='bbox 482 1713 617 1772; x_wconf 84' lang='lat' dir='ltr'>matricis</span> <span class='ocrx_word' id='word_1_100' title='bbox 639 1713 775 1785; x_wconf 80' lang='lat' dir='ltr'>vincula,</span> <span class='ocrx_word' id='word_1_101' title='bbox 798 1732 851 1790; x_wconf 91' lang='lat' dir='ltr'>per</span> <span class='ocrx_word' id='word_1_102' title='bbox 874 1732 950 1790; x_wconf 90' lang='lat' dir='ltr'>quae</span> 
     </span>
     <span class='ocr_line' id='line_1_18' title="bbox 90 1801 871 1876; baseline -0.001 -15"><span class='ocrx_word' id='word_1_103' title='bbox 90 1801 256 1861; x_wconf 80' lang='lat' dir='ltr'>anchorum</span> <span class='ocrx_word' id='word_1_104' title='bbox 277 1801 408 1860; x_wconf 92' lang='lat' dir='ltr'>medium</span> <span class='ocrx_word' id='word_1_105' title='bbox 432 1820 553 1861; x_wconf 87' lang='lat' dir='ltr'>servans</span> <span class='ocrx_word' id='word_1_106' title='bbox 577 1820 723 1876; x_wconf 90' lang='lat' dir='ltr'>suspensa</span> <span class='ocrx_word' id='word_1_107' title='bbox 745 1801 871 1861; x_wconf 89' lang='lat' dir='ltr'>locatur.</span> 
     </span>
    </p>

    <p class='ocr_par' dir='ltr' id='par_1_6' title="bbox 44 1889 976 2326">
     <span class='ocr_line' id='line_1_19' title="bbox 44 1889 846 1967; baseline 0.005 -21"><span class='ocrx_word' id='word_1_108' title='bbox 44 1904 69 1946; x_wconf 81' lang='lat' dir='ltr'>so</span> <span class='ocrx_word' id='word_1_109' title='bbox 88 1889 209 1950; x_wconf 85' lang='lat' dir='ltr'>Nuntia</span> <span class='ocrx_word' id='word_1_110' title='bbox 230 1892 429 1967; x_wconf 86' lang='lat' dir='ltr'>praeveniunt</span> <span class='ocrx_word' id='word_1_111' title='bbox 450 1891 528 1950; x_wconf 92' lang='lat' dir='ltr'>hanc</span> <span class='ocrx_word' id='word_1_112' title='bbox 550 1909 659 1966; x_wconf 91' lang='lat' dir='ltr'>penam</span> <span class='ocrx_word' id='word_1_113' title='bbox 682 1890 846 1950; x_wconf 88' lang='lat' dir='ltr'>debilitatis</span> 
     </span>
     <span class='ocr_line' id='line_1_20' title="bbox 88 1980 853 2058; baseline 0 -20"><span class='ocrx_word' id='word_1_114' title='bbox 88 1980 235 2054; x_wconf 89' lang='lat' dir='ltr'>insultus,</span> <span class='ocrx_word' id='word_1_115' title='bbox 259 1999 348 2039; x_wconf 82' lang='lat' dir='ltr'>coxae</span> <span class='ocrx_word' id='word_1_116' title='bbox 372 1981 521 2058; x_wconf 86' lang='lat' dir='ltr'>gravitas,</span> <span class='ocrx_word' id='word_1_117' title='bbox 544 1984 575 2038; x_wconf 90' lang='lat' dir='ltr'>et</span> <span class='ocrx_word' id='word_1_118' title='bbox 597 1981 726 2056; x_wconf 84' lang='lat' dir='ltr'>pectoris</span> <span class='ocrx_word' id='word_1_119' title='bbox 750 1983 853 2038; x_wconf 90' lang='lat' dir='ltr'>artans</span> 
     </span>
     <span class='ocr_line' id='line_1_21' title="bbox 91 2068 976 2146; baseline -0.001 -18"><span class='ocrx_word' id='word_1_120' title='bbox 91 2070 326 2146; x_wconf 88' lang='lat' dir='ltr'>circumquaque</span> <span class='ocrx_word' id='word_1_121' title='bbox 350 2068 435 2127; x_wconf 92' lang='lat' dir='ltr'>dolor</span> <span class='ocrx_word' id='word_1_122' title='bbox 457 2071 566 2146; x_wconf 84' lang='lat' dir='ltr'>partes.</span> <span class='ocrx_word' id='word_1_123' title='bbox 605 2088 672 2128; x_wconf 90' lang='lat' dir='ltr'>cum</span> <span class='ocrx_word' id='word_1_124' title='bbox 694 2069 797 2145; x_wconf 86' lang='lat' dir='ltr'>prodit</span> <span class='ocrx_word' id='word_1_125' title='bbox 818 2071 850 2127; x_wconf 91' lang='lat' dir='ltr'>in</span> <span class='ocrx_word' id='word_1_126' title='bbox 874 2071 976 2128; x_wconf 90' lang='lat' dir='ltr'>actum</span> 
     </span>
     <span class='ocr_line' id='line_1_22' title="bbox 90 2156 855 2235; baseline 0.001 -18"><span class='ocrx_word' id='word_1_127' title='bbox 90 2156 207 2235; x_wconf 90' lang='lat' dir='ltr'>passio,</span> <span class='ocrx_word' id='word_1_128' title='bbox 231 2159 364 2218; x_wconf 86' lang='lat' dir='ltr'>defectus</span> <span class='ocrx_word' id='word_1_129' title='bbox 388 2177 490 2218; x_wconf 88' lang='lat' dir='ltr'>sensus</span> <span class='ocrx_word' id='word_1_130' title='bbox 513 2161 673 2235; x_wconf 90' lang='lat' dir='ltr'>motusque</span> <span class='ocrx_word' id='word_1_131' title='bbox 696 2179 750 2234; x_wconf 88' lang='lat' dir='ltr'>per</span> <span class='ocrx_word' id='word_1_132' title='bbox 773 2162 855 2218; x_wconf 88' lang='lat' dir='ltr'>artus</span> 
     </span>
     <span class='ocr_line' id='line_1_23' title="bbox 91 2247 831 2326; baseline -0.001 -19"><span class='ocrx_word' id='word_1_133' title='bbox 91 2247 239 2323; x_wconf 74' lang='lat' dir='ltr'>exoritu,</span> <span class='ocrx_word' id='word_1_134' title='bbox 262 2247 391 2326; x_wconf 85' lang='lat' dir='ltr'>regitiva</span> <span class='ocrx_word' id='word_1_135' title='bbox 413 2249 493 2325; x_wconf 87' lang='lat' dir='ltr'>perit</span> <span class='ocrx_word' id='word_1_136' title='bbox 515 2267 570 2308; x_wconf 92' lang='lat' dir='ltr'>nec</span> <span class='ocrx_word' id='word_1_137' title='bbox 593 2249 726 2324; x_wconf 90' lang='lat' dir='ltr'>corporis</span> <span class='ocrx_word' id='word_1_138' title='bbox 750 2248 831 2326; x_wconf 90' lang='lat' dir='ltr'>aegri</span> 
     </span>
    </p>

    <p class='ocr_par' dir='ltr' id='par_1_7' title="bbox 44 2336 924 2594">
     <span class='ocr_line' id='line_1_24' title="bbox 44 2336 848 2413; baseline 0.006 -22"><span class='ocrx_word' id='word_1_139' title='bbox 44 2351 70 2391; x_wconf 91' lang='lat' dir='ltr'>oo</span> <span class='ocrx_word' id='word_1_140' title='bbox 90 2336 227 2396; x_wconf 91' lang='lat' dir='ltr'>membra</span> <span class='ocrx_word' id='word_1_141' title='bbox 247 2340 350 2396; x_wconf 88' lang='lat' dir='ltr'>movet</span> <span class='ocrx_word' id='word_1_142' title='bbox 372 2337 482 2411; x_wconf 89' lang='lat' dir='ltr'>virtus,</span> <span class='ocrx_word' id='word_1_143' title='bbox 505 2339 556 2397; x_wconf 83' lang='lat' dir='ltr'>vix</span> <span class='ocrx_word' id='word_1_144' title='bbox 577 2337 737 2413; x_wconf 89' lang='lat' dir='ltr'>inspiratio</span> <span class='ocrx_word' id='word_1_145' title='bbox 761 2356 848 2398; x_wconf 90' lang='lat' dir='ltr'>sensu</span> 
     </span>
     <span class='ocr_line' id='line_1_25' title="bbox 90 2425 924 2504; baseline 0.004 -20"><span class='ocrx_word' id='word_1_146' title='bbox 90 2425 258 2504; x_wconf 87' lang='lat' dir='ltr'>percipitur</span> <span class='ocrx_word' id='word_1_147' title='bbox 280 2426 452 2504; x_wconf 89' lang='lat' dir='ltr'>digitusque</span> <span class='ocrx_word' id='word_1_148' title='bbox 475 2428 583 2503; x_wconf 90' lang='lat' dir='ltr'>nequit</span> <span class='ocrx_word' id='word_1_149' title='bbox 604 2426 769 2486; x_wconf 85' lang='lat' dir='ltr'>discerncre</span> <span class='ocrx_word' id='word_1_150' title='bbox 792 2427 924 2504; x_wconf 86' lang='lat' dir='ltr'>pulsum.</span> 
     </span>
     <span class='ocr_line' id='line_1_26' title="bbox 91 2515 877 2594; baseline 0.001 -19"><span class='ocrx_word' id='word_1_151' title='bbox 91 2516 239 2575; x_wconf 84' lang='lat' dir='ltr'>examinis</span> <span class='ocrx_word' id='word_1_152' title='bbox 262 2516 380 2593; x_wconf 90' lang='lat' dir='ltr'>patiens</span> <span class='ocrx_word' id='word_1_153' title='bbox 404 2519 527 2594; x_wconf 91' lang='lat' dir='ltr'>generat</span> <span class='ocrx_word' id='word_1_154' title='bbox 550 2515 708 2575; x_wconf 92' lang='lat' dir='ltr'>discrimen</span> <span class='ocrx_word' id='word_1_155' title='bbox 732 2518 877 2576; x_wconf 85' lang='lat' dir='ltr'>etinfert</span> 
     </span>
    </p>
   </div>
   <div class='ocr_carea' id='block_1_3' title="bbox 92 2604 851 2683">
    <p class='ocr_par' dir='ltr' id='par_1_8' title="bbox 92 2604 851 2683">
     <span class='ocr_line' id='line_1_27' title="bbox 92 2604 851 2683; baseline 0 -19"><span class='ocrx_word' id='word_1_156' title='bbox 92 2604 282 2683; x_wconf 88' lang='lat' dir='ltr'>ambiguum,</span> <span class='ocrx_word' id='word_1_157' title='bbox 305 2608 397 2664; x_wconf 90' lang='lat' dir='ltr'>nutat</span> <span class='ocrx_word' id='word_1_158' title='bbox 419 2606 551 2682; x_wconf 90' lang='lat' dir='ltr'>phisicae</span> <span class='ocrx_word' id='word_1_159' title='bbox 574 2605 701 2664; x_wconf 90' lang='lat' dir='ltr'>rationis</span> <span class='ocrx_word' id='word_1_160' title='bbox 726 2624 851 2664; x_wconf 90' lang='lat' dir='ltr'>acumen</span> 
     </span>
    </p>
   </div>
   <div class='ocr_carea' id='block_1_4' title="bbox 90 2726 1114 3667">
    <p class='ocr_par' dir='ltr' id='par_1_9' title="bbox 90 2726 1114 3667">
     <span class='ocr_line' id='line_1_28' title="bbox 166 2726 1113 2810; baseline 0 -18"><span class='ocrx_word' id='word_1_161' title='bbox 166 2744 235 2793; x_wconf 99' lang='grc'><strong>1679</strong></span> <span class='ocrx_word' id='word_1_162' title='bbox 255 2739 444 2794; x_wconf 59' lang='lat' dir='ltr'>subrutliat</span> <span class='ocrx_word' id='word_1_163' title='bbox 462 2739 472 2810; x_wconf 83' lang='lat' dir='ltr'>t</span> <span class='ocrx_word' id='word_1_164' title='bbox 491 2745 560 2794; x_wconf 86' lang='grc'><strong>1683</strong></span> <span class='ocrx_word' id='word_1_165' title='bbox 578 2742 690 2794; x_wconf 86' lang='lat' dir='ltr'>asuetos</span> <span class='ocrx_word' id='word_1_166' title='bbox 705 2740 720 2794; x_wconf 90' lang='lat' dir='ltr'>b</span> <span class='ocrx_word' id='word_1_167' title='bbox 737 2742 741 2806; x_wconf 81' lang='grc' dir='ltr'>Ι</span> <span class='ocrx_word' id='word_1_168' title='bbox 757 2740 879 2793; x_wconf 86' lang='lat' dir='ltr'>veneris:</span> <span class='ocrx_word' id='word_1_169' title='bbox 898 2738 983 2792; x_wconf 77' lang='lat' dir='ltr'>vetris</span> <span class='ocrx_word' id='word_1_170' title='bbox 1002 2740 1018 2794; x_wconf 91' lang='grc'>6</span> <span class='ocrx_word' id='word_1_171' title='bbox 1034 2741 1038 2806; x_wconf 82' lang='grc' dir='ltr'>Ι</span> <span class='ocrx_word' id='word_1_172' title='bbox 1056 2726 1113 2809; x_wconf 74' lang='lat' dir='ltr'>agg‘</span> 
     </span>
     <span class='ocr_line' id='line_1_29' title="bbox 90 2809 1113 2882; baseline -0.002 -17"><span class='ocrx_word' id='word_1_173' title='bbox 90 2813 108 2865; x_wconf 88' lang='grc'>6</span> <span class='ocrx_word' id='word_1_174' title='bbox 128 2809 137 2882; x_wconf 85' lang='lat' dir='ltr'>t</span> <span class='ocrx_word' id='word_1_175' title='bbox 155 2815 224 2864; x_wconf 88' lang='grc'><strong>1688</strong></span> <span class='ocrx_word' id='word_1_176' title='bbox 244 2826 261 2864; x_wconf 90' lang='lat' dir='ltr'>a</span> <span class='ocrx_word' id='word_1_177' title='bbox 279 2827 365 2864; x_wconf 85' lang='lat' dir='ltr'>nexu:</span> <span class='ocrx_word' id='word_1_178' title='bbox 386 2827 497 2864; x_wconf 85' lang='lat' dir='ltr'>annexu</span> <span class='ocrx_word' id='word_1_179' title='bbox 515 2813 551 2879; x_wconf 85' lang='grc'>61</span> <span class='ocrx_word' id='word_1_180' title='bbox 568 2826 638 2879; x_wconf 87' lang='lat' dir='ltr'>quas</span> <span class='ocrx_word' id='word_1_181' title='bbox 657 2810 760 2864; x_wconf 86' lang='lat' dir='ltr'>tutela:</span> <span class='ocrx_word' id='word_1_182' title='bbox 779 2810 891 2880; x_wconf 77' lang='lat' dir='ltr'>ptutela</span> <span class='ocrx_word' id='word_1_183' title='bbox 910 2810 925 2864; x_wconf 87' lang='grc'>6</span> <span class='ocrx_word' id='word_1_184' title='bbox 945 2810 955 2882; x_wconf 83' lang='lat' dir='ltr'>t</span> <span class='ocrx_word' id='word_1_185' title='bbox 975 2815 1044 2864; x_wconf 92' lang='grc'><strong>1690</strong></span> <span class='ocrx_word' id='word_1_186' title='bbox 1063 2827 1113 2864; x_wconf 89' lang='lat' dir='ltr'>na-</span> 
     </span>
     <span class='ocr_line' id='line_1_30' title="bbox 91 2882 1114 2954; baseline 0 -18"><span class='ocrx_word' id='word_1_187' title='bbox 91 2885 159 2936; x_wconf 89' lang='lat' dir='ltr'>tura</span> <span class='ocrx_word' id='word_1_188' title='bbox 177 2884 274 2951; x_wconf 87' lang='lat' dir='ltr'>neget:</span> <span class='ocrx_word' id='word_1_189' title='bbox 298 2883 333 2948; x_wconf 77' lang='lat' dir='ltr'>cf.</span> <span class='ocrx_word' id='word_1_190' title='bbox 350 2883 438 2938; x_wconf 71' lang='lat' dir='ltr'>(louet.</span> <span class='ocrx_word' id='word_1_191' title='bbox 455 2885 520 2937; x_wconf 81' lang='lat' dir='ltr'>ciat.</span> <span class='ocrx_word' id='word_1_192' title='bbox 536 2887 611 2949; x_wconf 86' lang='lat'>6,11</span> <span class='ocrx_word' id='word_1_193' title='bbox 634 2882 644 2954; x_wconf 84' lang='lat' dir='ltr'>t</span> <span class='ocrx_word' id='word_1_194' title='bbox 669 2887 736 2937; x_wconf 86' lang='grc'><strong>1691</strong></span> <span class='ocrx_word' id='word_1_195' title='bbox 756 2883 876 2937; x_wconf 81' lang='lat' dir='ltr'>honusta</span> <span class='ocrx_word' id='word_1_196' title='bbox 896 2885 937 2951; x_wconf 81' lang='lat' dir='ltr'>(ut</span> <span class='ocrx_word' id='word_1_197' title='bbox 954 2884 1050 2950; x_wconf 81' lang='lat' dir='ltr'>supro)</span> <span class='ocrx_word' id='word_1_198' title='bbox 1071 2882 1086 2936; x_wconf 90' lang='grc'>6</span> <span class='ocrx_word' id='word_1_199' title='bbox 1104 2882 1114 2954; x_wconf 73' lang='lat' dir='ltr'>ll</span> 
     </span>
     <span class='ocr_line' id='line_1_31' title="bbox 93 2953 1113 3025; baseline -0.001 -19"><span class='ocrx_word' id='word_1_200' title='bbox 93 2958 164 3006; x_wconf 82' lang='grc'><strong>1696</strong></span> <span class='ocrx_word' id='word_1_201' title='bbox 187 2953 295 3007; x_wconf 80' lang='lat' dir='ltr'>Nuccia</span> <span class='ocrx_word' id='word_1_202' title='bbox 319 2955 455 3014; x_wconf 79' lang='lat' dir='ltr'>pvcniunt</span> <span class='ocrx_word' id='word_1_203' title='bbox 477 2954 664 3023; x_wconf 84' lang='lat' dir='ltr'>(perveniunt)</span> <span class='ocrx_word' id='word_1_204' title='bbox 689 2954 705 3008; x_wconf 90' lang='grc'>6</span> <span class='ocrx_word' id='word_1_205' title='bbox 729 2953 739 3025; x_wconf 72' lang='lat' dir='ltr'>ll</span> <span class='ocrx_word' id='word_1_206' title='bbox 763 2959 831 3008; x_wconf 92' lang='grc'><strong>1697</strong></span> <span class='ocrx_word' id='word_1_207' title='bbox 855 2955 982 3022; x_wconf 70' lang='lat' dir='ltr'>partest:</span> <span class='ocrx_word' id='word_1_208' title='bbox 1008 2969 1113 3021; x_wconf 90' lang='lat' dir='ltr'>paucos</span> 
     </span>
     <span class='ocr_line' id='line_1_32' title="bbox 91 3023 1112 3095; baseline -0.003 -15"><span class='ocrx_word' id='word_1_209' title='bbox 91 3026 153 3095; x_wconf 75' lang='lat' dir='ltr'>(sic)</span> <span class='ocrx_word' id='word_1_210' title='bbox 180 3025 196 3079; x_wconf 88' lang='grc'>6</span> <span class='ocrx_word' id='word_1_211' title='bbox 223 3023 233 3095; x_wconf 83' lang='lat' dir='ltr'>t</span> <span class='ocrx_word' id='word_1_212' title='bbox 261 3030 330 3079; x_wconf 87' lang='grc'><strong>1706</strong></span> <span class='ocrx_word' id='word_1_213' title='bbox 356 3025 465 3093; x_wconf 86' lang='lat' dir='ltr'>phisica</span> <span class='ocrx_word' id='word_1_214' title='bbox 494 3026 616 3080; x_wconf 90' lang='lat' dir='ltr'>racionis</span> <span class='ocrx_word' id='word_1_215' title='bbox 647 3041 777 3079; x_wconf 88' lang='lat' dir='ltr'>acumen:</span> <span class='ocrx_word' id='word_1_216' title='bbox 809 3026 883 3079; x_wconf 86' lang='lat' dir='ltr'>Plat.</span> <span class='ocrx_word' id='word_1_217' title='bbox 913 3040 966 3079; x_wconf 88' lang='lat' dir='ltr'>nec</span> <span class='ocrx_word' id='word_1_218' title='bbox 995 3025 1025 3078; x_wconf 91' lang='lat' dir='ltr'>in</span> <span class='ocrx_word' id='word_1_219' title='bbox 1056 3024 1112 3078; x_wconf 87' lang='lat' dir='ltr'>alio</span> 
     </span>
     <span class='ocr_line' id='line_1_33' title="bbox 90 3094 1113 3165; baseline -0.002 -15"><span class='ocrx_word' id='word_1_220' title='bbox 90 3096 154 3151; x_wconf 85' lang='lat' dir='ltr'>vita</span> <span class='ocrx_word' id='word_1_221' title='bbox 174 3096 331 3164; x_wconf 88' lang='lat' dir='ltr'>percipitur</span> <span class='ocrx_word' id='word_1_222' title='bbox 351 3097 407 3150; x_wconf 90' lang='lat' dir='ltr'>nisi</span> <span class='ocrx_word' id='word_1_223' title='bbox 427 3097 457 3150; x_wconf 90' lang='lat' dir='ltr'>in</span> <span class='ocrx_word' id='word_1_224' title='bbox 481 3096 540 3151; x_wconf 90' lang='lat' dir='ltr'>solo</span> <span class='ocrx_word' id='word_1_225' title='bbox 563 3096 663 3151; x_wconf 90' lang='lat' dir='ltr'>floculo</span> <span class='ocrx_word' id='word_1_226' title='bbox 687 3096 752 3150; x_wconf 88' lang='lat' dir='ltr'>lanc</span> <span class='ocrx_word' id='word_1_227' title='bbox 771 3096 887 3150; x_wconf 89' lang='lat' dir='ltr'>naribus</span> <span class='ocrx_word' id='word_1_228' title='bbox 906 3096 1045 3165; x_wconf 88' lang='lat' dir='ltr'>apposito.</span> <span class='ocrx_word' id='word_1_229' title='bbox 1068 3094 1113 3149; x_wconf 86' lang='lat' dir='ltr'>vel</span> 
     </span>
     <span class='ocr_line' id='line_1_34' title="bbox 92 3167 1111 3238; baseline -0.001 -16"><span class='ocrx_word' id='word_1_230' title='bbox 92 3185 130 3222; x_wconf 87' lang='lat' dir='ltr'>ex</span> <span class='ocrx_word' id='word_1_231' title='bbox 154 3167 281 3236; x_wconf 86' lang='lat' dir='ltr'>ampulla</span> <span class='ocrx_word' id='word_1_232' title='bbox 305 3168 404 3222; x_wconf 82' lang='lat' dir='ltr'>vitrea.</span> <span class='ocrx_word' id='word_1_233' title='bbox 430 3170 463 3221; x_wconf 88' lang='lat' dir='ltr'>ut</span> <span class='ocrx_word' id='word_1_234' title='bbox 488 3168 559 3221; x_wconf 91' lang='lat' dir='ltr'>dicit</span> <span class='ocrx_word' id='word_1_235' title='bbox 585 3167 616 3222; x_wconf 84' lang='lat' dir='ltr'>G.</span> <span class='ocrx_word' id='word_1_236' title='bbox 642 3169 728 3238; x_wconf 77' lang='lat' dir='ltr'>(apud</span> <span class='ocrx_word' id='word_1_237' title='bbox 751 3169 843 3224; x_wconf 78' lang='lat' dir='ltr'>Ooaot.</span> <span class='ocrx_word' id='word_1_238' title='bbox 865 3169 978 3234; x_wconf 76' lang='lat' dir='ltr'>ciatd,</span> <span class='ocrx_word' id='word_1_239' title='bbox 998 3171 1039 3234; x_wconf 86' lang='lat'>11)</span> <span class='ocrx_word' id='word_1_240' title='bbox 1065 3174 1111 3222; x_wconf 82' lang='lat' dir='ltr'>etc.</span> 
     </span>
     <span class='ocr_line' id='line_1_35' title="bbox 92 3239 1113 3309; baseline -0.003 -15"><span class='ocrx_word' id='word_1_241' title='bbox 92 3240 129 3306; x_wconf 76' lang='lat' dir='ltr'>cs.</span> <span class='ocrx_word' id='word_1_242' title='bbox 149 3240 190 3294; x_wconf 93' lang='lat' dir='ltr'>Io.</span> <span class='ocrx_word' id='word_1_243' title='bbox 215 3240 447 3309; x_wconf 88' lang='lat' dir='ltr'>constringuntur</span> <span class='ocrx_word' id='word_1_244' title='bbox 469 3239 630 3307; x_wconf 88' lang='lat' dir='ltr'>spiritualia</span> <span class='ocrx_word' id='word_1_245' title='bbox 653 3241 698 3309; x_wconf 80' lang='lat' dir='ltr'>(cs.</span> <span class='ocrx_word' id='word_1_246' title='bbox 718 3241 813 3309; x_wconf 73' lang='lat' dir='ltr'>Plau).</span> <span class='ocrx_word' id='word_1_247' title='bbox 841 3255 938 3294; x_wconf 90' lang='lat' dir='ltr'>sensus</span> <span class='ocrx_word' id='word_1_248' title='bbox 964 3241 994 3292; x_wconf 86' lang='lat' dir='ltr'>et</span> <span class='ocrx_word' id='word_1_249' title='bbox 1020 3242 1113 3292; x_wconf 87' lang='lat' dir='ltr'>motus</span> 
     </span>
     <span class='ocr_line' id='line_1_36' title="bbox 91 3309 1113 3380; baseline -0.001 -15"><span class='ocrx_word' id='word_1_250' title='bbox 91 3311 149 3365; x_wconf 90' lang='lat' dir='ltr'>toti</span> <span class='ocrx_word' id='word_1_251' title='bbox 177 3311 344 3365; x_wconf 87' lang='lat' dir='ltr'>auferuntur</span> <span class='ocrx_word' id='word_1_252' title='bbox 369 3309 487 3379; x_wconf 84' lang='lat' dir='ltr'>corpori.</span> <span class='ocrx_word' id='word_1_253' title='bbox 515 3327 583 3365; x_wconf 89' lang='lat' dir='ltr'>voce</span> <span class='ocrx_word' id='word_1_254' title='bbox 611 3312 766 3380; x_wconf 80' lang='lat' dir='ltr'>privantur.</span> <span class='ocrx_word' id='word_1_255' title='bbox 799 3310 896 3379; x_wconf 89' lang='lat' dir='ltr'>pulsus</span> <span class='ocrx_word' id='word_1_256' title='bbox 927 3310 1113 3378; x_wconf 89' lang='lat' dir='ltr'>spississimus</span> 
     </span>
     <span class='ocr_line' id='line_1_37' title="bbox 93 3381 1112 3449; baseline 0.001 -13"><span class='ocrx_word' id='word_1_257' title='bbox 93 3384 124 3436; x_wconf 92' lang='grc'>66</span> <span class='ocrx_word' id='word_1_258' title='bbox 143 3381 350 3436; x_wconf 88' lang='lat' dir='ltr'>defectissimus</span> <span class='ocrx_word' id='word_1_259' title='bbox 370 3384 420 3435; x_wconf 92' lang='lat' dir='ltr'>aut</span> <span class='ocrx_word' id='word_1_260' title='bbox 438 3381 532 3435; x_wconf 91' lang='lat' dir='ltr'>nullus</span> <span class='ocrx_word' id='word_1_261' title='bbox 550 3382 693 3437; x_wconf 86' lang='lat' dir='ltr'>invenitur</span> <span class='ocrx_word' id='word_1_262' title='bbox 711 3383 785 3436; x_wconf 89' lang='lat' dir='ltr'>unde</span> <span class='ocrx_word' id='word_1_263' title='bbox 806 3384 916 3436; x_wconf 87' lang='lat' dir='ltr'>mortue</span> <span class='ocrx_word' id='word_1_264' title='bbox 938 3382 1112 3449; x_wconf 86' lang='lat' dir='ltr'>reputantur.</span> 
     </span>
     <span class='ocr_line' id='line_1_38' title="bbox 94 3452 1113 3523; baseline 0 -16"><span class='ocrx_word' id='word_1_265' title='bbox 94 3453 213 3523; x_wconf 84' lang='lat' dir='ltr'>Signum</span> <span class='ocrx_word' id='word_1_266' title='bbox 233 3457 328 3508; x_wconf 87' lang='lat' dir='ltr'>autem</span> <span class='ocrx_word' id='word_1_267' title='bbox 346 3455 404 3508; x_wconf 85' lang='lat' dir='ltr'>vite</span> <span class='ocrx_word' id='word_1_268' title='bbox 423 3454 453 3507; x_wconf 91' lang='lat' dir='ltr'>in</span> <span class='ocrx_word' id='word_1_269' title='bbox 472 3453 512 3507; x_wconf 91' lang='lat' dir='ltr'>eis</span> <span class='ocrx_word' id='word_1_270' title='bbox 535 3452 588 3507; x_wconf 92' lang='lat' dir='ltr'>hoc</span> <span class='ocrx_word' id='word_1_271' title='bbox 612 3457 662 3509; x_wconf 90' lang='lat' dir='ltr'>est.</span> <span class='ocrx_word' id='word_1_272' title='bbox 685 3454 789 3508; x_wconf 89' lang='lat' dir='ltr'>floccus</span> <span class='ocrx_word' id='word_1_273' title='bbox 808 3453 873 3508; x_wconf 86' lang='lat' dir='ltr'>lane</span> <span class='ocrx_word' id='word_1_274' title='bbox 891 3452 1007 3506; x_wconf 87' lang='lat' dir='ltr'>naribus</span> <span class='ocrx_word' id='word_1_275' title='bbox 1026 3468 1113 3522; x_wconf 87' lang='lat' dir='ltr'>appo·</span> 
     </span>
     <span class='ocr_line' id='line_1_39' title="bbox 93 3525 1112 3594; baseline -0.001 -15"><span class='ocrx_word' id='word_1_276' title='bbox 93 3525 166 3579; x_wconf 88' lang='lat' dir='ltr'>situs</span> <span class='ocrx_word' id='word_1_277' title='bbox 185 3528 319 3580; x_wconf 86' lang='lat' dir='ltr'>movetur.</span> <span class='ocrx_word' id='word_1_278' title='bbox 340 3541 390 3580; x_wconf 80' lang='lat' dir='ltr'>vas</span> <span class='ocrx_word' id='word_1_279' title='bbox 409 3541 527 3594; x_wconf 86' lang='lat' dir='ltr'>parvum</span> <span class='ocrx_word' id='word_1_280' title='bbox 546 3541 619 3593; x_wconf 90' lang='lat' dir='ltr'>aque</span> <span class='ocrx_word' id='word_1_281' title='bbox 637 3526 752 3594; x_wconf 87' lang='lat' dir='ltr'>plenum</span> <span class='ocrx_word' id='word_1_282' title='bbox 771 3541 855 3594; x_wconf 89' lang='lat' dir='ltr'>super</span> <span class='ocrx_word' id='word_1_283' title='bbox 872 3526 971 3594; x_wconf 86' lang='lat' dir='ltr'>pectus</span> <span class='ocrx_word' id='word_1_284' title='bbox 988 3525 1112 3593; x_wconf 87' lang='lat' dir='ltr'>positum</span> 
     </span>
     <span class='ocr_line' id='line_1_40' title="bbox 93 3595 1113 3667; baseline -0.001 -17"><span class='ocrx_word' id='word_1_285' title='bbox 93 3600 223 3651; x_wconf 86' lang='lat' dir='ltr'>movetur</span> <span class='ocrx_word' id='word_1_286' title='bbox 244 3613 345 3667; x_wconf 89' lang='lat' dir='ltr'>parum</span> <span class='ocrx_word' id='word_1_287' title='bbox 369 3600 398 3652; x_wconf 91' lang='lat' dir='ltr'>et</span> <span class='ocrx_word' id='word_1_288' title='bbox 420 3597 451 3651; x_wconf 92' lang='lat' dir='ltr'>in</span> <span class='ocrx_word' id='word_1_289' title='bbox 473 3599 552 3650; x_wconf 87' lang='lat' dir='ltr'>motu</span> <span class='ocrx_word' id='word_1_290' title='bbox 576 3613 647 3665; x_wconf 89' lang='lat' dir='ltr'>aque</span> <span class='ocrx_word' id='word_1_291' title='bbox 669 3596 856 3666; x_wconf 89' lang='lat' dir='ltr'>intelligimus</span> <span class='ocrx_word' id='word_1_292' title='bbox 878 3596 974 3650; x_wconf 87' lang='lat' dir='ltr'>vitam.</span> <span class='ocrx_word' id='word_1_293' title='bbox 997 3595 1113 3650; x_wconf 89' lang='lat' dir='ltr'>confun-</span> 
     </span>
    </p>
   </div>
   <div class='ocr_carea' id='block_1_5' title="bbox 0 0 1218 3998">
    <p class='ocr_par' dir='ltr' id='par_1_10' title="bbox 0 0 1218 3998">
     <span class='ocr_line' id='line_1_41' title="bbox 0 0 1218 3998; baseline 0 0"><span class='ocrx_word' id='word_1_294' title='bbox 0 0 1218 3998; x_wconf 95' lang='lat' dir='ltr'> </span> 
     </span>
    </p>
   </div>
  </div>
 </body>
</html>
