2422 3998
1039 133 1117 187 XXV

89 286 171 344 fecte
190 282 278 344 nobis
296 284 434 343 servatus
453 301 516 343 esse
536 282 752 358 aestimabitur,
777 285 831 342 aut
850 284 972 361 abipso
996 286 1116 343 auctore

91 375 188 433 aliam
218 372 257 432 ad
285 375 398 432 metam
428 375 564 432 currente
595 373 766 448 imperfecte
795 373 919 434 relictus
950 367 1002 454 (cf.
1025 373 1117 433 etiam

91 463 133 524 ad
152 483 182 523 v.
198 464 271 521 271.
292 464 355 522 437
383 461 454 520 libri
477 460 513 520 de
535 461 740 538 physonomiis
759 461 870 522 Anecd.
889 463 913 537 I,
935 464 1007 522 183.
1029 456 1116 544 188).

92 553 202 612 contra
225 551 426 611 antidotarius
454 569 490 610 ex
513 553 594 610 omni
616 554 702 627 parte
725 551 846 610 limatus
873 553 966 627 atque
993 555 1117 612 curatus

90 642 231 719 apparet,
250 642 304 717 qui
318 642 409 699 etiam
423 640 559 716 priorum
572 641 783 716 opusculorum
799 633 850 719 (de
864 641 959 700 urinis
974 660 1117 701 versuum

92 732 171 806 352,
187 729 223 788 (11
237 729 375 806 pulsibus
389 750 417 789 v.
429 721 508 807 380)
523 747 676 788 censorem
691 733 763 808 agat
772 731 953 806 pentametri
962 730 1117 790 licentiam

92 820 255 879 minarum
273 818 346 877 olim
364 820 467 878 metris
486 818 592 878 inserti
610 820 811 879 condemnans
828 813 903 899 (ant.
920 820 949 894 2,
966 814 1030 899 19),
1051 838 1118 879 cum

92 908 241 970 admittat
268 909 495 968 consonantiam
523 902 622 989 (velut
649 910 711 967 ant.
731 911 765 984 4,
785 910 848 969 525
873 927 937 985 sqq.
963 910 1025 968 541
1052 928 1116 985 sqq.

94 1000 160 1058 916
193 989 274 1078 sqq.)
304 1000 336 1056 et
364 997 500 1058 consulto
532 997 701 1075 neglectam
731 999 765 1056 in
797 999 912 1076 graecis
945 997 1116 1058 nominibus

95 1085 284 1163 syllabarum
302 1087 503 1163 quantitatem
526 1089 645 1146 excuset
665 1085 739 1164 (ant.
759 1089 789 1158 4,
810 1080 965 1167 35-39).
1003 1086 1117 1146 dudum

94 1179 199 1237 autem
231 1174 381 1236 abiecerat
413 1178 518 1235 auctor
550 1177 801 1235 commentarii
833 1177 973 1253 proprii
1004 1195 1117 1236 morem

92 1264 340 1345 grammaticum,
368 1284 458 1342 quem
485 1265 667 1325 iuvenilibus
690 1264 751 1324 illis
775 1264 900 1325 dederat
921 1266 1006 1325 Adae
1030 1265 1116 1325 disci·

90 1355 190 1432 plina,
208 1355 289 1414 sicut
307 1353 390 1413 dedit
403 1353 574 1413 Alexandro
590 1355 729 1431 Nequam
746 1356 800 1414 isti
818 1357 848 1414 et
865 1354 994 1415 Iohanni
1011 1357 1117 1432 postea

90 1444 131 1503 de
160 1442 339 1518 Garlandia,
369 1443 561 1503 coniunctum
588 1442 731 1503 nimirum
762 1443 1019 1504 Salernitanornm
1049 1464 1116 1504 con·

89 1532 250 1594 suetudini
272 1534 302 1593 et
329 1533 547 1592 afforismorum
570 1533 765 1609 medicorum,
793 1535 877 1592 velut
898 1535 1038 1612 magistri
1060 1534 1116 1594 Ur-

90 1623 177 1684 sonis
209 1615 259 1702 (de
291 1615 444 1702 Calabria)
476 1623 529 1699 qui
558 1622 598 1681 ad
625 1616 821 1682 ‘afforismos'
845 1642 917 1683 snos
949 1616 1000 1704 (ex
1031 1624 1116 1699 phys.

89 1703 162 1788 Ar.)
188 1704 239 1770 ‘de
267 1711 382 1771 naturis
409 1705 526 1770 rerum’
551 1704 629 1792 (cod.
647 1711 749 1788 Ampl.
769 1732 817 1788 qu.
838 1714 911 1771 226.
933 1714 1006 1772 230.
1037 1712 1116 1772 Mon.

92 1803 194 1862 7971.
217 1799 311 1858 Lond.
332 1800 431 1860 Sloan.
453 1793 509 1882 75)
533 1801 655 1876 scripsit
675 1795 840 1878 ‘glosulas'
863 1794 991 1879 (eisdem
1013 1801 1117 1861 verbo·

89 1893 183 1950 tenus
222 1891 337 1967 septem
375 1886 434 1966 [vel
472 1887 553 1966 octo]
585 1882 834 1969 ‘inquirendis'¹)
869 1891 1045 1966 incipientes
1078 1889 1117 1948 ad

92 1978 279 2040 Graecorum
302 1979 480 2054 exemplum,
504 1978 612 2055 quibus
634 1997 714 2057 mag.
732 1978 854 2038 Maurus
879 1979 917 2038 ad
936 1979 984 2038 aff.
999 1980 1115 2055 Hippo·

91 2068 187 2130 cratis
211 2065 242 2127 0.
258 2066 287 2126 S.
301 2067 354 2141 IV,
374 2070 438 2127 514
462 2069 493 2127 et
510 2067 681 2127 Bernartius
705 2067 899 2144 provincialis
923 2068 962 2129 ad
985 2067 1116 2128 Tabulas

94 2151 165 2234 (‘ab
189 2151 256 2215 ore'
279 2177 308 2232 p.
329 2150 407 2236 293)
437 2156 553 2216 Salerni
581 2156 612 2216 0.
632 2157 662 2216 S.
680 2157 717 2232 V,
738 2159 803 2217 270
831 2160 861 2216 et
887 2177 966 2236 mag.
990 2157 1115 2236 Egidius

93 2247 134 2308 ad
157 2246 263 2324 pulsus
286 2264 356 2305 suos
379 2268 409 2323 p.
425 2246 465 2303 26
491 2244 594 2307 Ohoul.

166 2336 214 2394 Ex
243 2334 340 2395 tribus
369 2335 463 2412 igitur
493 2334 643 2395 codicibus
674 2336 786 2396 saeculi
808 2329 951 2414 XIVlXV
981 2338 1012 2395 et
1041 2336 1115 2396 levis

62 2433 67 2440 ’
93 2442 213 2502 operae,
233 2443 268 2483 ex
286 2424 440 2484 Mursiano
460 2424 575 2484 scilicet
593 2416 662 2504 (m),
681 2425 734 2501 qui
751 2424 872 2484 inscitia
889 2425 1018 2503 legendI,
1037 2428 1068 2485 et
1081 2444 1117 2484 ex

93 2515 310 2574 Buxheimensi
329 2505 388 2594 (1)),
407 2514 460 2589 qui
479 2513 640 2573 arbitraria
658 2519 828 2573 correctura
846 2517 964 2589 peccat,
982 2534 1018 2574 ex
1035 2514 1115 2592 frag-

91 2606 196 2664 mento
207 2603 335 2679 donique
346 2601 507 2662 Oxoniensi
521 2623 539 2662 a
550 2602 764 2682 Darembergio
779 2602 927 2679 descripto
938 2597 986 2683 (d)
999 2606 1116 2662 textum

92 2693 166 2752 libri
197 2691 305 2751 inediti
336 2691 373 2751 de
405 2693 517 2752 morbis
541 2693 675 2752 editurus
699 2693 862 2768 conscripsi
890 2712 944 2770 per
975 2695 1115 2752 semestre

91 2781 254 2842 hibernum
281 2799 307 2840 a.
332 2777 485 2862 1894195,
512 2801 591 2841 nunc
617 2783 761 2858 quoniam
782 2783 878 2841 otium
899 2784 944 2842 est
968 2783 1061 2859 relegi
1086 2783 1116 2839 et

90 2870 283 2949 praefatione
300 2870 358 2929 hac
374 2870 583 2948 indicibusque
602 2870 713 2930 additis
732 2872 869 2947 supplevi
888 2864 1115 2951 (11905106).

91 2980 208 3022 novum
239 2962 340 3019 autem
369 2962 489 3035 praeter
517 2961 578 3020 tria
606 2960 661 3019 illa
690 2960 785 3019 libelli
815 2962 967 3036 exemplar
997 2960 1115 3018 nullum

91 3050 206 3110 inveni.
251 3069 320 3108 nam
353 3048 432 3124 quod
463 3049 535 3108 olim
564 3050 686 3110 extabat
707 3051 740 3107 in
762 3049 944 3109 bibliotheca
967 3048 1115 3108 cartusiae

169 3221 196 3288 1)
217 3219 319 3272 ³...In
335 3219 419 3273 huius
439 3235 505 3289 ergo
524 3219 592 3273 libri
609 3219 750 3288 principio
770 3235 804 3273 ea
823 3219 910 3272 ctiam
929 3235 983 3287 que
1002 3219 1032 3273 in
1051 3219 1114 3273 aliis

93 3290 177 3345 libris
195 3289 240 3344 vel
262 3291 293 3343 in
317 3290 380 3344 aliis
404 3290 535 3359 operibus
558 3291 746 3359 inquiruntur.
772 3290 956 3358 inquiramus.
983 3291 1116 3345 videlicet

94 3377 151 3430 que
171 3361 209 3415 sit
226 3361 356 3416 materia.
380 3379 435 3431 quc
453 3362 585 3416 intencio.
610 3379 665 3431 que
683 3379 770 3416 causa
786 3362 962 3416 intencionis.
987 3379 1041 3432 que
1059 3363 1115 3415 uti-

93 3433 172 3487 litas.
196 3434 243 3487 cui
257 3434 335 3502 parti
348 3432 528 3503 philosophie
547 3433 731 3503 subponatur.
755 3434 818 3502 quis
837 3434 905 3487 ordo
924 3434 1068 3489 tractandi
1087 3436 1115 3488 et

93 3505 161 3574 quis
179 3505 293 3559 titulns’
366 3506 438 3575 (cod.
453 3505 546 3574 Ampl.
562 3522 607 3573 qu.
623 3511 675 3559 226
694 3523 730 3558 m.
746 3523 767 3558 s.
782 3503 847 3558 XIII
865 3504 885 3561 f.
901 3508 937 3573 6).
