2422 3998
1049 203 1114 259 XIX

93 350 228 436 gence'),
258 353 360 431 patria
390 354 584 413 balsamensis
615 345 699 435 (cum
728 354 767 432 gl.
793 348 876 414 ‘cum
905 355 946 415 sis
976 350 1114 437 dulcis')‚

93 443 219 525 ‘genera
239 436 310 526 (sic)
329 443 522 503 Balvasensis
542 436 624 525 (cum
644 443 685 521 gl.
701 436 756 502 ‘de
775 437 996 525 Beauvais')‚
1016 465 1113 505 man·

91 537 192 596 sione
223 535 294 592 iam
325 533 485 593 diutione
519 551 623 608 quam
652 531 849 592 voluissem
879 533 1114 609 Parisiensis‚

88 642 258 700 numquam
296 622 407 681 alicubi
442 622 541 681 rurale
572 621 643 682 huic
678 622 774 681 simile
807 622 958 682 edificium
988 623 1114 684 vidisti?

89 734 190 775 nonne
221 711 280 770 bibi
310 713 337 771 si
365 711 431 770 fieri
460 713 561 787 posset
598 711 752 770 honeslius
784 713 820 770 ub
855 712 1003 773 iudicares
1031 733 1114 772 rure

88 805 247 881 paterno
275 801 335 859 frui
361 819 453 877 quam
475 799 568 860 salari
590 800 698 859 lucello
727 792 810 881 (cum
838 801 878 879 gl.
901 795 1115 883 ‘causaboris’)

90 893 249 964 addictum
281 889 381 949 fuisse.
426 889 510 948 Tunc
542 908 597 968 ego
628 889 782 949 subridens
812 890 1115 968 interrogationibus,

90 983 226 1058 inquam,
246 978 314 1038 isbis
404 979 468 1037 iam
487 978 586 1038 subito
605 979 784 1054 respondere
803 998 863 1038 non
883 979 1114 1058 aggredior...

94 1075 124 1130 et
144 1071 207 1130 iam
231 1068 360 1128 circuitu
381 1062 552 1146 pergirato'
567 1114 573 1128 .
589 1113 617 1127 ..
638 1070 693 1129 elo.

166 1157 286 1217 Scheler
322 1177 351 1234 p.
376 1158 431 1216 93:
465 1152 579 1216 ‘Habes
618 1157 697 1215 enim
734 1177 791 1234 que
829 1156 910 1217 dicta
946 1159 1030 1233 sunl,
1068 1157 1116 1216 mi

96 1248 275 1320 Anselme,
396 1245 516 1322 qualem
549 1245 697 1323 probabas
731 1245 897 1307 orationem
932 1249 963 1306 el
998 1265 1116 1305 rernm

93 1335 422 1397 usitatissimarum
454 1337 637 1413 copiosam
666 1337 702 1394 ub
730 1335 922 1396 desiderabas
952 1335 1115 1396 nomina·

92 1426 236 1485 tionem.
277 1423 362 1494 Quod
385 1423 411 1483 si
433 1424 490 1484 hoc
512 1426 635 1484 nostre
659 1424 839 1484 orationis
863 1426 1117 1502 crepusculum
1171 1486 1174 1493 ,

91 1515 224 1574 nubibus
253 1534 329 1591 pene
359 1513 590 1574 clarescentibus
621 1515 753 1574 serenius
777 1533 869 1590 quam
892 1514 1036 1591 querebas
1059 1514 1118 1575 libi

90 1605 246 1677 videatur,
277 1601 475 1663 orationem
504 1605 621 1680 ipsam
650 1603 746 1663 medie
775 1603 870 1663 noctis
898 1603 1043 1664 furvibabe
1067 1603 1117 1663 ob

91 1695 217 1753 ductam
246 1692 304 1752 bibi
333 1693 494 1768 palpaburo
524 1692 644 1751 mittere
666 1694 791 1769 paratus
815 1711 888 1752 sum.
927 1692 979 1752 sed
1002 1695 1038 1752 nb
1061 1694 1116 1752 ali-

91 1783 167 1861 quid
197 1800 258 1840 non
288 1782 472 1860 superfluum
505 1783 597 1840 immo
627 1800 697 1841 vero
730 1781 804 1841 utile
837 1780 933 1841 amico
966 1781 1118 1842 desiinala

90 1871 248 1932 concinent
271 1871 413 1948 epistola,
437 1869 489 1930 sed
506 1870 729 1947 philosophiam
752 1872 788 1929 de
811 1871 900 1930 huius
923 1871 1006 1931 modi
1028 1870 1117 1931 rebus

91 1960 246 2034 consulas,
276 1961 343 2037 ipsa
372 1960 429 2020 sibi
456 1959 593 2020 ostendet
615 1961 779 2019 comissime
802 1962 887 2018 tante
909 1979 1010 2018 rerum
1033 1962 1117 2037 copie

91 2048 372 2125 incomparabiliter
406 2048 637 2126 preslantiorem
679 2067 742 2125 osse
784 2048 986 2126 cognitionem
1026 2069 1117 2125 quam

92 2137 312 2217 possessionem
332 2157 463 2197 ...non
485 2139 561 2198 talia
583 2137 735 2214 possidere
762 2137 813 2198 sed
836 2137 947 2197 talibus
970 2139 1019 2198 vel
1041 2137 1116 2197 bene

40 2223 44 2228 ’
93 2231 140 2288 uli
158 2228 207 2288 vel
225 2226 299 2286 bene
318 2246 418 2287 carere
437 2229 604 2305 preciosum
624 2229 677 2286 esi.
713 2226 799 2297 Quod
823 2227 944 2305 quidem
963 2274 968 2286 .
984 2275 991 2289 .
1008 2273 1014 2286 .
1033 2247 1052 2287 a
1070 2247 1117 2287 me

94 2337 163 2394 sepe
187 2316 338 2393 accepisti.
370 2316 485 2376 Valelo.
523 2316 663 2394 Explicit.
695 2312 814 2376 Amen?
931 2365 932 2368 ,

165 2406 249 2466 Haeo
279 2405 305 2465 si
331 2408 480 2465 tractulus
508 2405 683 2465 dialecticus
715 2406 813 2465 edibus
843 2405 916 2481 fuit,
946 2408 981 2465 ul
1010 2405 1118 2466 unicus

93 2497 161 2556 vult
189 2494 281 2554 codex
303 2494 494 2570 Parisiensis,
526 2514 603 2555 anuo
628 2493 798 2554 MOXXXII
828 2498 859 2553 et
886 2496 913 2554 si
936 2496 1015 2554 circa
1037 2494 1119 2554 idem

94 2585 156 2644 fers
180 2587 297 2661 tempus
322 2578 385 2666 (vol
407 2583 499 2660 paulo
524 2576 607 2665 ante)
631 2603 782 2644 sumamus
806 2584 984 2662 magistrum
1003 2584 1117 2643 facium

60 2739 63 2745 ,
93 2673 232 2734 revisisse
264 2673 394 2751 patriam
426 2692 504 2733 anno
536 2675 571 2732 nb
597 2673 662 2749 ipse
689 2675 819 2734 lesbabur
846 2665 932 2748 XH⁰‚
961 2673 1118 2750 reliquisse

93 2763 305 2822 concludemus
329 2761 471 2841 Angliam
501 2782 579 2822 anno
604 2754 856 2844 (1118-)1120
876 2756 1036 2837 ‘puerum'
1057 2763 1117 2822 for·

94 2855 175 2914 lasse
191 2853 232 2911 15
249 2871 404 2927 annorum,
423 2853 467 2910 ila
483 2855 518 2911 ul
534 2854 624 2911 natus
645 2851 745 2910 Adam
763 2851 854 2910 fuerit
870 2842 1117 2932 c.a.1105(03).

93 2942 168 3001 haec
199 2941 321 3017 quidem
350 2942 464 3001 incerta
494 2943 577 3016 sunl,
609 2940 683 3001 certi
713 2943 815 3000 autem
844 2943 988 2999 notantur
1019 2943 1118 3015 poste·

93 3032 182 3090 rioris
206 3031 287 3090 vitae
317 3031 397 3090 anni.
439 3031 549 3090 clanim
579 3050 657 3090 anno
684 3032 768 3088 1147
778 3054 781 3059 ’
794 3030 906 3089 cibatus
935 3029 966 3088 in
991 3029 1116 3089 concilio

93 3119 261 3180 Parisiensi
284 3121 388 3179 contra
408 3117 575 3179 Gilberbum
594 3119 793 3179 Porrelanum
817 3117 1007 3193 dialecticum
1031 3119 1117 3178 testis

93 3210 153 3269 fuit
184 3202 267 3290 (oum
297 3209 425 3287 Hugone
455 3208 491 3268 de
520 3207 632 3285 Campo
662 3207 784 3267 Florido
815 3209 988 3267 cancellans
1022 3201 1116 3289 regis)

92 3300 241 3376 magister
265 3293 377 3357 ‘Adam
405 3297 441 3357 de
463 3297 561 3358 Parvo
585 3298 680 3357 Ponte
703 3297 759 3357 vir
782 3296 933 3356 subtilis
957 3299 991 3354 eb
1014 3295 1117 3357 Pari-

93 3387 228 3447 siensis
266 3389 441 3447 ecclesiae
478 3389 672 3447 canonicus
709 3389 874 3446 recenter
908 3380 1115 3445 faclus'...

94 3472 178 3537 ‘non
202 3476 280 3536 sine
303 3478 499 3536 multorum
523 3477 766 3536 admiratione
791 3475 887 3535 viros
910 3494 1058 3553 magnos
1083 3478 1118 3534 eb

91 3566 129 3625 in
167 3565 311 3626 ratione
347 3566 551 3626 disserendi
588 3566 807 3626 exercitatos
847 3583 901 3642 pro
939 3567 1116 3644 argumento

922 3679 965 3732 p
