2422 3998
131 928 293 1027 Magister
307 949 332 1007 11
338 949 460 1028 gidius
476 950 516 1010 de
532 949 701 1026 Gorbelio
717 943 767 1032 (de
783 949 931 1026 Gorboilo,
947 945 1079 1033 Gorbeil)

58 1038 193 1098 medicus
220 1057 274 1097 sua
304 1042 403 1098 aetate
433 1041 464 1097 et
491 1038 571 1118 regis
599 1039 734 1117 Philippi
762 1032 1018 1122 (1180-1223)
1048 1040 1081 1100 in

58 1126 161 1186 Gallia
202 1121 490 1210 ‘celeberrimus’¹),
532 1127 737 1189 salernitanae
773 1130 936 1190 medicinae
973 1149 1080 1208 corpus

57 1215 244 1277 scholaribus
263 1217 481 1277 Parisiensibus
506 1212 624 1294 ‘novat
647 1221 683 1278 ut
699 1218 764 1295 ipse
783 1219 836 1294 ait,
860 1214 1081 1279 ‘institutione'

57 1326 114 1382 pro
142 1305 288 1366 firmanda
316 1309 460 1366 memoria
487 1308 616 1367 carmine
644 1307 779 1368 condidit
801 1302 853 1390 (cf.
873 1308 917 1368 ed.
934 1308 1082 1369 Ludovici

58 1393 212 1455 Ghoulant
232 1395 315 1472 Lips
335 1390 446 1477 1826),
468 1395 584 1456 libellos
607 1397 738 1472 primum
760 1418 814 1473 per
830 1401 931 1457 totum
949 1398 1082 1459 medium

58 1504 167 1544 aevum
191 1484 373 1544 declamatos
403 1486 443 1544 da
471 1485 590 1546 urinis
619 1489 709 1563 atque
737 1487 777 1547 de
805 1487 988 1563 pulsibus,
1019 1506 1080 1546 am·

57 1575 157 1650 pliora
180 1573 286 1633 deinde
309 1574 362 1634 sed
386 1575 461 1635 levis
474 1601 475 1604 ¹
488 1575 568 1651 apud
590 1579 724 1651 posteros
748 1576 964 1637 recordationis
990 1595 1082 1653 opera

58 1662 100 1720 de
134 1663 312 1723 antidotis
346 1667 377 1722 et
411 1664 451 1722 de
485 1664 600 1742 signis
635 1665 827 1742 causisque
863 1665 1081 1741 morborum,

57 1755 239 1829 praeparata
266 1752 387 1828 quidem
415 1753 519 1827 simul,
548 1756 580 1813 at
604 1753 749 1832 longioris
772 1773 872 1814 morae
896 1749 972 1837 (ant.
991 1758 1018 1830 1,
1038 1755 1080 1814 58

58 1842 95 1900 cf.
115 1844 146 1916 1,
168 1834 376 1923 all—247).
423 1837 554 1902 ‘Laudes
583 1845 614 1902 et
642 1845 770 1903 uirtutes
794 1845 928 1904 omnium
951 1844 1081 1903 medica-

57 1929 175 1989 minum
198 1930 360 1990 secundum
384 1931 560 1992 antidotarii
582 1927 704 1992 seriem’
730 1964 768 1974 -
793 1935 836 1991 sic
859 1934 923 2008 ipse
948 1933 1083 2009 appellat

58 2021 92 2078 in
115 2020 240 2098 prologo
264 2021 401 2096 prosaico
426 2013 468 2102 (v.
484 2023 523 2080 51
551 2020 653 2080 Ghoul.
673 2043 702 2098 p.
717 2013 776 2102 48)
800 2040 876 2098 quae
894 2022 942 2082 vel
961 2023 1082 2098 scripsit

58 2109 108 2169 vel
135 2109 262 2168 scribere
290 2109 388 2187 coepit
416 2104 542 2192 (1111,
568 2105 646 2192 132)
675 2113 744 2171 ante
766 2113 893 2170 mortem
917 2103 1081 2192 (1.1181)

58 2198 218 2259 Romoeldi
248 2199 465 2276 archiepiscopi
495 2192 540 2281 (et
568 2192 691 2282 medici)
722 2199 918 2276 Salernitani,
951 2199 1082 2261 absolvit

60 2290 161 2346 autem
188 2289 237 2348 111
265 2288 360 2347 edidit
388 2287 527 2348 absoluta
554 2308 614 2349 non
642 2291 711 2348 ante
744 2288 861 2348 Salerni
887 2289 970 2351 urbis
994 2290 1081 2350 deva·

59 2378 221 2437 stationem
236 2378 377 2436 miseram
391 2380 422 2450 at
431 2372 600 2437 ‘Teutonici
614 2379 723 2438 furoris
737 2373 919 2438 barbariem'
932 2371 1081 2458 (111941

60 2467 96 2526 cf.
118 2465 274 2526 Salvatore
298 2467 334 2526 de
357 2467 450 2527 Renzi
472 2468 504 2526 in
529 2467 603 2528 Goll.
624 2467 763 2526 Salemit.
777 2468 806 2543 I,
827 2469 899 2528 281.
932 2468 987 2544 IV,
1008 2471 1081 2528 570.

62 2557 125 2616 573
162 2554 201 2614 ad
232 2574 333 2616 versus
369 2556 546 2616 antidotarii
574 2558 607 2627 3,
632 2549 846 2637 508-511),
883 2576 980 2633 neque
1012 2560 1081 2616 anta

59 2645 199 2705 Fulconis
229 2639 338 2724 (antid.
359 2647 391 2721 2,
412 2638 492 2726 320)
522 2645 736 2722 praedicatoris
765 2645 941 2706 Parisiensis
969 2648 1082 2706 famam

60 2729 245 2816 (inchoantis
269 2727 440 2817 a.11952),
463 2737 577 2794 mortui
600 2754 626 2794 1.
644 2728 753 2817 1202).
799 2756 925 2814 regnum
947 2735 1082 2812 Philippi

134 2906 159 2972 1)
179 2903 390 2958 ‘celeberrimus
407 2907 468 2959 arte
484 2905 630 2960 medendi’
644 2907 677 2959 11
691 2905 764 2959 11111
777 2905 897 2974 Egidius
917 2905 958 2960 ait
972 2905 1081 2974 ‘aequi-

60 2975 160 3028 vocus'
178 2975 209 3029 in
226 2974 366 3029 Karalins.
381 2975 414 3043 V,
429 2982 481 3031 462
501 2977 641 3046 (Bouquet
658 2976 744 3043 XVII,
759 2981 830 3045 298).

133 3049 159 3114 2)
179 3063 233 3100 sec.
248 3047 405 3116 Rigordum
427 3047 458 3101 in
477 3045 569 3102 Gestis
588 3047 660 3101 Phil.
675 3048 747 3117 Aug.
764 3065 792 3116 p.
803 3054 837 3102 42
857 3049 987 3117 Bouquet
1004 3046 1082 3101 XVII

61 3117 105 3185 (cf.
122 3118 158 3170 ad
173 3134 198 3172 a.
215 3123 284 3171 1198
298 3136 325 3186 p.
336 3120 389 3186 48).
412 3122 539 3173 mortuus
562 3122 605 3173 est
623 3119 685 3172 ‘ille
704 3119 901 3173 celeberrimus
920 3118 1081 3187 presbyter'

62 3205 86 3242 a.
108 3194 190 3255 1202,
216 3191 249 3243 11
273 3191 395 3244 testatur
418 3189 573 3244 Guilelmus
599 3191 633 3243 dc
656 3191 765 3259 Nangis
792 3191 874 3260 (Hist.
900 3191 934 3244 de
957 3191 1001 3245 Fr.
1021 3189 1080 3258 XX,

62 3263 132 3328 150).
162 3261 196 3314 cf.
217 3261 254 3314 ad
278 3261 390 3316 eosdem
410 3278 497 3315 annos
518 3268 594 3316 1195.
616 3268 684 3316 1198
704 3261 858 3316 Robertum
878 3262 1031 3316 Autissiod.
1050 3263 1081 3316 in

61 3331 123 3385 MG.
143 3331 240 3386 XXVI.
274 3333 304 3385 in
326 3333 485 3386 universum
511 3333 577 3388 Otto
596 3334 665 3386 Fris.
685 3334 715 3386 in
734 3333 827 3388 Gestis
845 3333 921 3386 Frid.
940 3334 1002 3388 MG.
1021 3332 1080 3400 XX,

63 3408 220 3458 saa-331.
254 3403 394 3458 Gerendus
418 3403 525 3458 Duboie
552 3404 624 3458 Hist.
644 3405 780 3460 ecclesiae
803 3404 890 3459 Paris.
908 3408 929 3459 t.
943 3405 970 3458 ΙΙ
992 3405 1081 3474 (Paris

63 3478 142 3543 1111)
161 3493 188 3543 p.
205 3479 363 3529 acc-sos.

892 3584 927 3633 Q*
