2422 3998
157 188 198 252 12
605 182 718 238 EGlDII

155 335 337 410 coniectans,
361 335 447 394 urina
470 334 557 394 rubet
579 333 761 412 pinguedine
784 333 894 410 spissa,

154 443 230 484 vena
251 425 361 500 tumet,
384 425 483 484 mollis
506 424 610 501 pulsus
633 422 774 483 velociter
795 423 898 482 instat.

153 532 221 574 raro
245 513 403 574 succedens
427 513 481 575 sub
504 515 589 574 verni
612 513 754 588 temporis
777 513 852 572 hora

154 602 285 663 crebrius
307 603 432 663 infestat
454 606 485 663 et
507 604 538 661 in
560 603 641 661 horis
664 602 820 679 sanguinis
842 602 946 660 instat.

96 711 134 750 ses
155 690 188 749 si
210 691 324 752 colerae
347 693 432 751 furor
454 693 486 750 in
509 708 600 750 causa
623 693 680 765 est,
703 692 820 749 rixatur
842 693 873 749 et
894 692 958 749 iree

154 781 316 857 asperitate
339 782 427 855 furit,
450 780 521 839 ferit
543 784 574 839 et
596 780 726 839 latrante
750 798 870 839 susurro

152 874 279 948 usurpat
302 872 384 930 canis
408 869 538 929 officium
564 870 645 946 quod
667 869 813 928 morsibus
836 869 950 945 implet.

152 959 286 1038 gestibus
308 960 358 1018 hic
380 959 496 1037 gallum
519 959 633 1018 similat
655 958 792 1034 falsoque
815 959 919 1017 volatu

153 1068 183 1108 se
206 1050 352 1109 mentitur
374 1067 473 1122 avem,
497 1047 568 1107 dum
590 1051 757 1107 commovet
779 1067 849 1106 aera
872 1047 982 1125 palmis

95 1155 133 1194 sio
152 1138 275 1198 brachia
297 1137 468 1197 concutiens
491 1141 522 1197 et
545 1137 662 1197 solvens
686 1155 800 1215 organa
822 1136 904 1196 vocis

151 1228 181 1287 in
206 1231 320 1287 cantus.
357 1227 467 1286 effrena
489 1227 572 1303 rapit
593 1245 699 1285 manus
723 1245 814 1285 arma.
852 1225 960 1285 eoloris

151 1317 253 1376 vultus
276 1314 389 1390 citrini,
412 1318 522 1376 macies
546 1317 724 1375 exterminat
746 1317 838 1374 artus,

151 1405 296 1483 praeterit
317 1407 482 1483 insompnis
505 1424 563 1464 nor
587 1407 678 1480 atque
702 1405 764 1463 dies
788 1405 943 1480 sepelitur,

151 1496 201 1553 lux
223 1494 306 1553 intus
329 1495 469 1554 conclusa
491 1495 573 1554 latet.
611 1493 752 1554 velociter
773 1494 868 1552 instat

93 1599 132 1637 ne
151 1584 279 1643 arteriae
302 1587 414 1658 motus,
438 1585 491 1659 qui
514 1583 589 1642 duro
613 1583 733 1642 verbere
757 1583 862 1642 cedens

151 1673 282 1732 inmutat
303 1673 440 1751 digitum.
476 1673 583 1732 rutilat
605 1672 712 1732 citrino
736 1673 833 1731 colore

150 1762 256 1821 urinae
279 1763 377 1822 tenuis
401 1761 580 1822 substantia.
616 1761 749 1821 fervidus
774 1763 872 1820 aestus

151 1852 274 1912 aestatis
297 1854 421 1930 generat
442 1852 532 1911 huius
556 1851 729 1911 discrimina
751 1850 861 1924 morbi,

150 1944 180 2000 et
202 1942 290 2020 vigor
312 1944 342 2000 et
364 1942 460 2001 virtus
483 1942 579 2001 maior
601 1941 711 2000 diffusa
733 1960 787 2016 per
810 1943 892 1998 artus

92 2045 131 2084 ‘2⁵0
150 2030 263 2091 viribus
285 2032 424 2091 humanis
448 2030 575 2091 maiores
598 2031 691 2090 efficit
713 2033 805 2089 actus.

149 2121 197 2179 hic
224 2121 299 2180 vitio
322 2122 431 2180 mentis
455 2121 576 2180 delusus
599 2138 684 2178 sacre
708 2119 830 2177 deorum

148 2212 277 2269 testatur
299 2209 438 2285 iuratque
461 2209 519 2269 sibi
543 2208 667 2286 dampni
689 2207 827 2283 capitalis

149 2299 304 2357 advenisse
326 2298 454 2372 malum,
477 2298 584 2374 palpat
607 2297 783 2374 quaeritque
807 2294 931 2373 vaganti

149 2386 285 2463 occipitis
307 2405 448 2463 suprema
469 2404 562 2446 manu
585 2406 661 2462 quae
685 2387 780 2446 credit
803 2385 912 2444 abesse.

91 2487 129 2527 ses
148 2477 226 2534 huno
249 2477 276 2536 si
299 2475 460 2552 corripiens
483 2477 607 2536 monitis
631 2477 796 2554 astringere
820 2478 961 2551 temptes,

147 2565 281 2626 invenies
305 2565 405 2625 animo
428 2565 516 2625 factis
539 2584 673 2625 sermone
696 2564 845 2624 rebellem.

147 2657 179 2714 in
203 2674 338 2714 venerem
364 2656 447 2733 viget
471 2655 606 2731 affectus,
630 2656 738 2714 levitas
762 2655 837 2712 facit
855 2657 938 2712 artus

220 2812 270 2861 221
295 2808 456 2861 coniectans
481 2809 509 2862 b:
535 2808 695 2862 fomentans
718 2825 745 2862 m
769 2807 778 2876 11
804 2812 855 2859 222
879 2806 972 2860 ιιιοΙΙίι
995 2824 1029 2874 pn

148 2880 246 2934 Barth
266 2880 297 2932 iu
316 2879 345 2935 0
361 2879 447 2946 811,
462 2884 515 2934 126
533 2883 569 2946 (o
584 2879 890 2946 2αὺὶη1ιιιε111,
905 2879 1029 2960 3761112

147 2953 175 3004 t.
195 2950 273 3004 nervi
291 2967 319 3004 m
340 2950 350 3020 11
373 2955 425 3004 222
438 2921 518 3006 rubr.
539 2950 626 3020 Signa
649 2950 674 3004 ai
697 2951 754 3003 sint
777 2967 811 3004 ex
834 2948 927 3003 colera
947 2949 1029 3002 mani

147 3020 308 3088 lanceliab,
329 3021 359 3075 Si
375 3021 467 3076 colera
486 3023 524 3076 sit
541 3040 613 3076 max.
634 3022 715 3091 signa
729 3020 793 3074 XVI
809 3039 837 3076 m
852 3021 902 3089 1ιιι
922 3036 955 3074 ca
974 3037 989 3073 e
1008 3039 1029 3074 m

148 3097 163 3146 2
180 3097 183 3163 1
200 3094 288 3148 iret.
308 3091 357 3147 isse
376 3095 488 3161 patiens
503 3095 553 3162 (sic
571 3093 645 3158 odd,
664 3094 744 3162 quasi
762 3110 795 3147 ex
813 3096 952 3162 marem)
926 3091 1029 3162 112

148 3163 344 3236 2611622111
363 3169 414 3218 222
431 3165 477 3219 hic
496 3184 535 3219 m:
554 3164 610 3218 hiis
629 3135 653 3218 d.
664 3113 720 3231 9ι1.
736 3167 776 3219 Io.
793 3163 913 3230 Quidam
933 3163 1029 3217 extend

147 3238 179 3290 ut
198 3236 313 3290 cantent
326 3235 454 3290 videntes
473 3236 581 3304 gallum
600 3237 716 3290 cantare
730 3239 796 3306 (nou
810 3236 894 3303 Plat.)
909 3235 918 3305 11
932 3240 985 3288 240
999 3251 1029 3288 co

148 3326 186 3360 m:
205 3306 375 3361 concludens
390 3309 405 3361 b
423 3306 433 3379 11
452 3314 504 3362 242
519 3306 666 3376 sepelitur:
685 3309 720 3374 ef.
739 3326 763 3361 o.
775 3311 828 3363 793
845 3305 855 3375 11
874 3312 926 3359 244
940 3306 1029 3361 lateti

148 3396 174 3432 m
190 3377 201 3450 11
219 3379 370 3448 222ῑ1ιίῢι1ς
389 3396 428 3433 m:
447 3384 530 3447 ᾷοῐιᾳς
550 3380 565 3432 b
583 3378 593 3450 11
612 3384 664 3432 222
679 3379 812 3448 corripies
829 3379 845 3432 b
862 3383 866 3445 1
882 3378 1029 3447 astringere

146 3485 284 3609 stringppe
303 3485 347 3610 11
365 3491 417 3540 222
436 3484 540 3539 rebelle
557 3487 573 3538 b
591 3485 600 3558 11
619 3491 669 3539 257
690 3487 719 3539 in
738 3487 812 3539 veire
832 3486 855 3551 b,
874 3486 904 3538 in
918 3474 1029 3538 vetiemr

145 3574 184 3611 m:
205 3572 238 3610 ac
272 3573 284 3609 s
