2422 3998
520 222 689 278 VIATIOUS

72 375 231 435 laeditur
254 377 385 435 olfactus
408 394 463 434 nec
485 375 592 434 flatum
609 375 733 453 turgida
756 375 837 433 naris

80 464 181 523 aeris
201 464 350 541 admittit,
373 465 425 525 sed
446 464 560 524 hiantis
583 464 699 541 perficit
722 464 781 522 oris

87 549 232 612 officium
256 573 333 631 quae
356 573 416 612 non
433 554 590 629 complent
613 555 777 629 spiramina
800 571 901 627 nares,

72 641 131 697 ret
159 643 234 703 naris
257 644 367 703 delicta
389 643 518 703 vicanus
542 643 601 702 oris
624 642 726 702 hiatus

100 726 248 792 delectum
271 733 414 810 supplens
436 732 565 792 redimit.
602 733 683 808 pluit
704 731 799 790 imbre
822 732 974 806 frequenti

105 817 140 874 'm
163 821 294 892 lacrimas
317 822 575 894 stillansoculus,
598 822 790 880 sinthomatis
812 820 901 878 index

113 909 205 970 crebra
226 930 349 972 movens
373 911 524 970 cerebrum
547 911 582 968 fit
604 911 797 982 sternutatio,
821 906 903 969 stilla

118 999 223 1059 naribus
246 1003 367 1060 emanat
389 999 488 1060 laticis
513 1018 589 1075 quae
612 999 816 1075 limpidioris

122 1090 221 1148 aemula
243 1089 399 1150 continuat
421 1089 527 1148 subtili
548 1092 682 1148 reumate
704 1088 825 1147 fluxum.

126 1170 151 1231 Si
168 1179 240 1238 calor
261 1181 294 1238 in
317 1197 408 1238 causa
431 1181 489 1254 est,
512 1178 601 1237 rubet
624 1197 670 1252 os,
694 1179 775 1236 color
798 1179 933 1236 aemulus
958 1177 1024 1234 auri

128 1264 208 1326 cunae
230 1269 336 1328 rutilat
359 1270 450 1343 quam
472 1287 568 1345 grana
590 1268 709 1326 minuta
732 1268 880 1340 colorant,

129 1356 201 1414 enus
221 1376 307 1416 nares
331 1376 425 1433 vapor
447 1360 554 1434 igneus
577 1360 669 1433 atque
692 1359 817 1415 nocivus

129 1446 254 1518 egrediens
277 1448 384 1506 humor
407 1446 554 1523 pungenti
576 1449 712 1505 caumate
736 1464 855 1504 carnem

129 1538 240 1597 excoriat.
277 1555 366 1611 super
388 1537 444 1595 hoc
467 1535 590 1593 dubium
613 1535 797 1612 proscribere
813 1536 947 1611 'possunt-

128 1618 237 1697 tempora
259 1626 324 1684 vita
346 1626 428 1684 locus
452 1626 626 1700 complexio.
663 1624 785 1702 sanguis
808 1623 983 1682 habundans

128 1724 181 1768 vasa
200 1716 312 1774 tumere
335 1716 422 1790 facit,
446 1716 547 1773 oculos
572 1713 677 1773 ardore
700 1714 819 1772 ruboris

127 1794 248 1878 infundit,
272 1805 409 1882 linguam
433 1803 528 1862 reficit
551 1803 681 1861 dulcore.
719 1803 874 1861 rubentem

72 1880 75 1963 1
127 1881 262 1970 inpinguat
284 1893 408 1970 sanguis
430 1894 557 1968 faecem,
580 1893 730 1970 succingit
753 1892 791 1950 ad
813 1888 909 1950 ictum

72 1978 111 2021 ⁵³⁵
126 1976 242 2041 arteriam
264 1983 393 2041 mollem.
431 1983 509 2056 sitia,
533 2000 619 2040 arens
641 1982 758 2054 vultus,
782 1998 917 2039 amarum

126 2078 160 2135 ⁰⁸,
179 2071 269 2130 tenuis
293 2073 361 2130 faex
383 2071 473 2148 ignea
497 2071 665 2148 sanguinis,
690 2071 809 2148 inpiger
830 2071 917 2128 ictus

93 2174 97 2181 ’
126 2155 229 2220 utana
253 2161 346 2220 durae
369 2161 499 2219 coleram
523 2160 636 2219 saevire
659 2160 802 2219 fatentur.

126 2235 150 2297 Si
168 2251 312 2310 cerebrum
335 2251 424 2309 molle
447 2249 628 2327 constringit
650 2249 756 2307 noxius
780 2249 865 2325 algor

125 2345 239 2407 ⁰01'yzam
263 2357 422 2417 generans,
445 2339 550 2413 facies,
573 2339 662 2397 urina
685 2340 803 2396 minuta

75 2420 221 2487 “⁰⁸11rssum
243 2448 339 2507 grana
362 2430 458 2488 ferens
482 2432 529 2486 est
551 2427 692 2499 discolor,
716 2427 779 2486 edit
801 2421 945 2485 inermem
1022 2445 1023 2448 ¹
1069 2442 1071 2445 ’
1105 2421 1107 2430 ’

125 2512 232 2577 arberiae
256 2521 356 2577 motus
380 2519 514 2594 pulsum,
539 2517 592 2593 qui
616 2516 720 2576 defluit
743 2518 851 2574 humor

124 2605 237 2666 sensibili
259 2606 390 2686 frigdore
414 2609 509 2666 nocet.
550 2606 576 2665 si
598 2606 707 2683 flegma
730 2604 882 2680 liquescit,

122 2689 257 2757 mollificat
281 2698 414 2773 pulsum,
439 2716 527 2772 quem
551 2696 603 2754 dat
626 2696 726 2754 vesica
748 2695 896 2770 liquorem

122 2772 276 2863 inpinguat,
300 2788 406 2864 gustus
430 2803 542 2861 aqueus
566 2803 656 2860 sapor
677 2784 780 2843 inficit.
816 2784 923 2841 humor

181 2943 227 2994 618
246 2939 342 3008 yantis
362 2940 377 2992 6
396 2939 405 3010 11
424 2942 476 2990 620
496 2939 524 2992 et
539 2937 644 2990 delicta
661 2937 736 2989 naris
751 2937 766 2989 6
783 2937 786 3005 1
803 2937 887 3003 yetus
906 2934 949 3005 611
969 2938 1019 2986 621
1035 2932 1124 2985 imbre

121 3012 152 3051 m:
169 3008 232 3065 orbe
248 3013 263 3064 6
282 3011 292 3081 11
312 3015 363 3063 623
384 3008 480 3064 crebre
499 3009 515 3062 b
532 3011 535 3074 1
552 3007 643 3062 stilla:
663 3008 891 3074 6106666314
911 3008 957 3072 (ca
975 3022 1028 3073 quo
1047 3003 1124 3072 1611

122 3071 163 3126 ⁶²6
186 3082 259 3136 calor
285 3085 302 3151 (.
321 3124 326 3134 .
346 3123 352 3134 .
375 3085 426 3134 638
453 3079 555 3150 algor):
582 3081 617 3146 cf.
639 3080 738 3133 Baua.
761 3079 790 3133 0.
813 3078 840 3133 S.
862 3079 906 3144 Π,
926 3081 978 3131 109
1003 3084 1028 3130 et
1050 3077 1123 3128 Patr.

121 3139 225 3210 Ill294
247 3153 428 3223 (quandoque
452 3167 486 3206 ex
509 3150 635 3220 frigidis,
659 3150 829 3218 quandoque
852 3165 887 3202 ex
906 3148 1016 3213 calidis)
1039 3146 1049 3217 11
1073 3151 1123 3198 632

120 3225 141 3260 V·
158 3218 306 3279 tumescere
332 3225 382 3278 dat
408 3225 424 3278 6
451 3223 461 3296 11
490 3228 540 3276 633
570 3221 684 3276 dulcore
710 3240 748 3276 m:
778 3219 898 3273 dulcedo
925 3221 940 3274 6
967 3219 977 3289 11
1005 3223 1057 3271 634
1083 3218 1124 3269 in-

121 3297 206 3376 pingat
234 3332 260 3368 m
287 3314 296 3385 11
325 3318 376 3367 636
406 3311 510 3367 arteria
539 3312 554 3364 b
581 3311 591 3382 11
619 3316 670 3364 636
699 3311 718 3363 f.
745 3311 830 3379 ignea
859 3308 1004 3378 sanguinis
1032 3304 1124 3375 inpig‘

121 3406 203 3527 (biligit
220 3422 246 3490 6)
265 3421 338 3474 ictus
357 3419 433 3542 166111
456 3423 507 3472 633
528 3418 620 3471 cerina
639 3419 654 3472 b
677 3417 686 3489 11
708 3422 759 3500 646
777 3417 884 3470 iheu-me
903 3434 930 3469 m
950 3415 959 3486 11
981 3421 1031 3468 641
1046 3404 1125 3498 ¹artie

141 3490 222 3545 =ardc
240 3511 267 3546 m
283 3494 287 3560 1
304 3491 353 3560 qui
373 3491 408 3544 de
429 3492 472 3544 uit
490 3508 529 3543 m:
550 3505 633 3556 quem
653 3489 773 3544 destruit
792 3489 808 3541 6
826 3487 836 3559 11
854 3493 906 3540 642
926 3485 1067 3540 sensibilis
1088 3487 1123 3556 61

121 3580 227 3653 fficdore
245 3617 272 3654 m
288 3604 291 3667 1
308 3598 411 3652 fieuma
430 3616 468 3651 m:
489 3572 526 3650 flia
545 3597 560 3649 6
579 3595 588 3668 11
610 3602 662 3648 644
681 3596 813 3663 inpingat
831 3613 858 3649 cc
