2422 3998
136 200 158 264 4
587 196 701 251 ao1u11

209 347 407 425 Flegmatis
430 346 586 425 insipidi
609 347 794 408 sinthomata
816 349 1027 426 praedominari

136 439 209 497 haec
231 436 289 496 tibi
311 436 399 515 signa
422 435 545 495 dabunt.
591 454 682 513 sapor
703 436 865 514 insipidus,
889 438 980 499 faciei

136 527 253 604 pallens
276 524 395 601 albedo,
418 528 544 586 ventosa
565 526 681 585 inflatio
704 528 817 587 ventris

137 619 167 676 et
189 616 331 691 laterum,
355 614 440 674 dolor
462 616 599 691 occipitis
621 614 777 692 partisque
801 617 954 694 sinistrae,

92 725 118 765 aa
137 705 176 766 ad
199 723 338 782 sompnus
361 723 445 764 mens
469 703 604 779 declivis,
627 705 777 765 tardantis
801 705 839 765 ad
863 709 965 766 actum

136 797 221 854 artus
244 793 400 873 segnities,
422 812 527 852 renum
549 811 701 870 pressura,
724 794 871 855 vacillans

136 885 181 944 vis
205 883 398 962 disgestivae,
420 881 593 958 madidique
615 883 742 943 infamia
764 887 843 959 nasi,

135 973 227 1034 tortio
250 973 298 1034 vel
321 992 458 1030 murmur
480 973 640 1047 stomachi,
664 974 836 1049 sputamina
858 975 969 1051 multa,

135 1081 261 1138 nausea,
284 1061 311 1121 si
332 1061 448 1138 repleat
470 1062 657 1120 stomachum
680 1063 811 1121 ructatio
835 1063 940 1140 cruda,

91 1173 117 1212 so
135 1152 276 1213 mollities
299 1151 362 1209 rari
385 1151 489 1227 pulsus
512 1150 661 1210 tardantis
685 1150 723 1210 ad
747 1153 860 1226 actum,

135 1258 266 1302 secessus
290 1239 387 1314 fluidi,
411 1259 478 1299 cum
501 1239 707 1318 muscillagine
730 1240 824 1300 mixta

135 1331 227 1390 cruda
250 1329 453 1405 superfluitas,
477 1330 574 1405 epatis
597 1328 768 1389 substantia
790 1329 900 1407 spissa,

135 1438 239 1479 sensus
261 1418 364 1494 hebes,
386 1419 478 1477 facies
500 1418 619 1493 inflata,
642 1418 774 1495 gravedo
796 1421 973 1496 molestans,

134 1508 271 1586 sompnia
293 1508 341 1566 val
363 1508 483 1586 fingunt
504 1507 613 1567 imbres
636 1508 684 1567 vel
707 1508 832 1568 flumina
855 1509 994 1570 fundunt.

90 1618 116 1657 as
205 1596 345 1671 Punctio,
369 1598 517 1674 pruritus,
541 1597 656 1657 salsedo
679 1598 776 1657 tincta
799 1599 896 1658 colore

134 1705 255 1764 prorsus
279 1685 400 1761 citrino,
423 1686 567 1745 mediocri
589 1687 686 1763 spissa
708 1687 825 1764 liquore

135 1778 266 1853 quatuor
287 1776 446 1835 humorum
469 1775 548 1852 faex,
572 1795 664 1836 venae
688 1777 796 1836 fortior
817 1778 897 1836 ictus

133 1867 297 1943 pulsantia,
320 1865 386 1924 sitis
410 1865 547 1940 affectus,
571 1865 702 1926 defectus
727 1865 846 1941 edendi,

134 1956 321 2034 flegmatis
344 1955 418 2015 haec
441 1955 530 2014 salsi
553 1956 615 2014 vim
638 1957 760 2032 signant
782 1944 1027 2032 praedominautir

89 2065 115 2102 ιο
207 2044 394 2104 Crescentem
417 2044 529 2121 promit
552 2044 730 2104 dulcorem
756 2046 942 2123 flegmatis
967 2046 1027 2105 oris

134 2134 272 2208 dulcedo,
296 2135 404 2193 frontis
428 2133 575 2212 gravitas,
598 2135 703 2209 pulsus
726 2134 880 2193 muliebris

133 2223 289 2297 mollities,
313 2242 401 2298 quem
425 2223 581 2281 confirmat
603 2222 763 2282 violentior
785 2223 863 2283 ictus

132 2331 201 2371 raro
225 2311 396 2386 succedens,
420 2312 527 2370 citrino
549 2311 646 2370 tincta
669 2312 766 2370 colore

134 2400 258 2478 spissior
279 2401 384 2459 urinae
408 2400 591 2475 substantia,
614 2419 691 2460 vena
714 2404 889 2461 tumescens.

88 2509 115 2547 45
206 2489 314 2568 Signat
338 2492 520 2549 acetosum
544 2489 692 2550 dominari
715 2491 848 2568 flegma
870 2491 1012 2550 remissus

133 2581 237 2638 urinae
259 2579 358 2655 pallor
381 2578 511 2657 quodam
532 2579 734 2638 moderamine
757 2580 891 2658 pinguis,

205 2720 239 2768 21
257 2715 332 2769 rubr.
348 2713 435 2783 Signa
449 2713 589 2784 flegmatis
608 2714 801 2767 habundantis
815 2714 866 2767 XX
880 2733 914 2769 m.
942 2717 987 2770 Ab
1005 2717 1027 2768 le

133 2786 308 2841 abemdontic
329 2788 452 2855 generati
474 2787 582 2840 orditur
604 2788 668 2840 item
686 2787 727 2840 Io.
748 2787 781 2840 de
804 2786 831 2841 S.
850 2787 941 2842 Paulo
964 2788 1027 2841 iat

133 2865 160 2912 ct
177 2858 266 2927 (apud
284 2858 329 2911 De
348 2858 438 2912 Renac'
456 2857 485 2912 0.
501 2857 528 2912 S.
544 2859 564 2910 1
567 2858 597 2924 V,
607 2862 661 2912 419
679 2858 714 2924 cf.
731 2859 805 2912 Vera.
824 2859 872 2912 der
889 2859 1027 2912 Letoia]

134 2930 199 2999 Kyl.
210 2930 284 2984 Bitl.
300 2945 335 2983 za
349 2929 450 2983 Berlin
463 2930 566 2996 1‚370)
581 2929 789 2983 Archimotteas
804 2931 851 2997 (cf.
864 2931 946 2984 etiam
953 2932 1027 2984 Versa

133 3001 236 3055 caedes
254 3000 330 3069 apud
348 3000 393 3053 De
411 3000 500 3054 Renei
518 3000 547 3055 0.
563 3000 590 3055 S.
607 3001 670 3068 Vp.
681 3004 800 3068 56-58)
823 3000 833 3074 ll
859 3006 892 3055 25
913 3001 949 3054 ad
968 3003 1027 3070 (act

132 3091 159 3126 m
176 3072 187 3143 Η
206 3077 238 3126 at
253 3070 418 3139 madidique
432 3070 563 3124 infamia:
579 3071 688 3124 madidi
702 3071 827 3126 infancia
842 3074 900 3142 (sic)
914 3090 941 3126 m
956 3071 967 3144 ΙΙ
983 3078 1017 3126 28

132 3145 195 3197 tero
216 3147 377 3214 (caumate
391 3144 498 3212 partim
516 3144 624 3211 detrito)
643 3161 670 3197 m
688 3141 697 3226 l]
716 3149 750 3197 30
768 3144 903 3197 tartantis
917 3145 976 3212 (sic)
990 3162 1017 3198 m

134 3218 174 3280 (at
191 3218 250 3282 25):
266 3213 380 3285 lllfctum
400 3232 427 3268 m
452 3212 461 3286 ll
485 3219 517 3267 31
537 3214 747 3284 muscillagme:
767 3216 801 3282 cf.
821 3222 877 3270 cat.
899 3216 944 3282 (de
962 3232 1027 3285 comp

132 3289 159 3351 3,
173 3290 226 3341 977
255 3285 258 3358 l
281 3291 315 3339 34
334 3286 370 3352 cf.
385 3285 471 3340 Soloi.
488 3285 545 3341 Sal.
560 3303 584 3340 c.
595 3290 666 3340 1996
676 3288 711 3341 R.
732 3287 811 3356 (visio
831 3303 941 3355 quoque
963 3303 1027 3355 aqut

132 3359 214 3411 nocte
251 3374 274 3413 o.
289 3357 323 3411 de
341 3357 368 3411 S.
384 3357 484 3424 Paulo)

205 3434 238 3483 85
256 3429 332 3483 rubr.
352 3427 439 3498 Signa
457 3427 649 3482 habundantia
668 3428 808 3499 flegmatis
827 3428 893 3482 salsi
909 3429 934 3482 V
952 3449 978 3484 m

203 3504 238 3554 40
256 3501 332 3555 rubr.
352 3498 440 3568 Signa
457 3499 597 3569 flegmatis
616 3500 809 3554 habundantia
827 3500 917 3554 dulcis
936 3520 963 3556 m

204 3577 238 3625 45
257 3572 331 3626 mbr.
352 3571 456 3625 acetosi
475 3570 615 3641 flegmatis
635 3573 716 3642 signa
734 3571 773 3624 IX
792 3589 818 3626 m
