2422 3998
164 192 207 256 62
615 188 729 242 aaron

162 341 301 419 grossitie
324 339 457 415 laedens,
482 342 537 399 aut
557 339 709 399 incentiva
731 339 838 399 caloris

162 448 305 490 exacuens
328 448 437 489 renem.
474 448 546 488 narn
568 429 641 488 limo
664 427 785 488 turbida
808 429 924 505 limpha

162 520 209 578 vel
232 520 310 578 malo
333 518 485 578 discussae
509 519 646 579 saniosus
670 519 819 594 apostasia
842 518 951 577 humor

92 627 144 667 rsoo
161 608 192 666 in
216 607 338 683 lumbis,
362 628 452 685 quem
474 607 625 685 petrificat
647 608 729 667 calor
752 607 963 667 annichilando

162 700 262 774 partes
286 697 423 772 subtiles,
447 699 531 758 cuius
555 698 622 757 faex
645 714 750 774 grossa
772 695 912 756 resistens

162 790 193 846 in
216 786 348 862 lapidem
371 787 489 846 transit.
526 785 603 862 lapis
626 787 658 843 in
683 805 742 862 quo
765 805 835 845 rene
859 789 978 846 creatur

162 897 230 952 pars
253 876 300 934 illi
323 877 424 935 vicina
446 876 528 936 dolet
551 874 761 953 stupidamque
784 875 929 951 relinquit

162 967 296 1026 eiusdem
318 965 414 1041 partis
436 965 515 1024 baec
533 964 633 1041 passio
657 983 726 1023 oum
748 964 822 1042 pede
847 984 958 1025 coxam.

91 1074 142 1115 roos
162 1055 187 1115 si
210 1055 363 1133 geminum
382 1073 483 1112 renem
506 1054 584 1131 lapis
608 1055 748 1131 occupat,
771 1054 867 1114 instat
889 1057 1019 1129 utraque

162 1148 192 1204 et
214 1144 299 1204 dolor
316 1143 349 1202 in
372 1161 477 1203 coxam
499 1163 608 1219 penam
630 1143 817 1203 transfundit
839 1146 1006 1219 utramque.

160 1234 192 1292 in
215 1233 324 1293 lumbis
349 1231 434 1293 dolor
455 1233 582 1292 infestat
604 1232 763 1309 facilisque
787 1235 915 1311 negatur

162 1323 257 1382 exitus
281 1321 400 1398 urinae,
424 1321 508 1382 cuius
533 1341 630 1381 comes
654 1321 830 1381 abbreviata

162 1412 222 1471 exit
245 1430 336 1470 arena
359 1410 476 1470 rubens.
513 1413 540 1471 si
563 1412 661 1471 colum
684 1411 815 1471 calculus
840 1413 922 1470 artat

90 1523 142 1562 raro
161 1500 287 1576 vesicae,
311 1519 419 1576 parcus
442 1503 547 1560 venter
569 1501 647 1559 male
670 1500 772 1558 debita
794 1499 893 1559 reddit

161 1594 191 1649 et
214 1589 300 1649 dolor
322 1588 466 1649 intestina
489 1591 568 1648 ferit.
606 1590 661 1649 sub
685 1590 802 1665 pectine
826 1591 924 1649 maior

161 1681 251 1757 atque
275 1680 450 1755 peritoneon
473 1680 598 1739 infestat
620 1680 734 1756 passio,
757 1678 862 1738 tardat

160 1768 256 1828 exitus
279 1769 397 1844 urinae,
422 1768 529 1846 grandi
553 1788 630 1844 quae
653 1787 751 1844 pauca
773 1768 874 1827 dolore

161 1859 246 1917 exilit
269 1857 433 1933 albescens,
458 1857 602 1932 <comites
626 1857 720 1936 quia>
743 1858 838 1918 fluxus
863 1876 967 1916 arenas

90 1967 141 2007 roro
161 1949 230 2007 eicit
253 1947 387 2007 albentes
409 1949 509 2007 tenuis
532 1966 606 2024 quas
630 1947 727 2006 forma
749 1948 870 2025 figurat.

161 2039 187 2096 si
209 2038 287 2114 lapis
310 2037 434 2096 humore
458 2036 555 2096 calido
579 2041 752 2114 generatur,
775 2037 903 2095 habetur

160 2127 229 2185 inde
252 2126 339 2200 fides,
363 2126 459 2185 maior
482 2125 568 2186 dolor
591 2129 636 2185 est
659 2126 712 2184 ubi
736 2144 826 2185 causa
849 2126 967 2185 locatur

161 2219 190 2274 et
213 2217 297 2294 viget
319 2217 439 2275 incensa
462 2217 530 2275 faex
553 2214 708 2290 sanguinis
732 2217 823 2290 atque
846 2215 953 2274 rubore

160 2306 269 2364 maiori
291 2305 402 2362 tinctas
425 2304 529 2363 urinae
553 2303 651 2363 reddit
674 2323 788 2363 arenas.

90 2411 142 2452 roro
160 2395 268 2452 humor
291 2394 316 2452 si
339 2394 433 2452 fuerit
456 2394 558 2471 algens
583 2393 711 2468 occasio,
735 2391 827 2471 signis

161 2482 307 2560 oppositis
330 2482 479 2558 perpende
501 2481 598 2540 fidem.
636 2482 724 2541 citius
748 2482 804 2541 tibi
828 2482 914 2541 cadet

161 2571 347 2650 ambiguum,
372 2572 396 2631 si
419 2572 559 2648 respicias
584 2572 650 2647 quis
675 2590 760 2631 sexus
785 2575 816 2630 et
839 2574 922 2630 aetas

162 2680 238 2738 qnae
260 2661 365 2736 fuerit,
391 2661 507 2720 dederit
530 2679 606 2737 quae
629 2661 677 2719 lex
701 2664 843 2720 consueta
868 2661 991 2719 diaetas.
1065 2678 1069 2687 ·

233 2811 301 2858 1491
321 2805 476 2859 incentiva:
496 2805 531 2870 cf.
551 2810 644 2860 c.101
664 2805 674 2876 ll
698 2809 767 2859 1498
786 2804 865 2873 lipba
886 2805 944 2873 (sic)
965 2804 980 2857 b
1003 2803 1012 2874 11
1038 2808 1107 2857 1499
1128 2803 1182 2857 dis-

162 2921 236 2974 cussi
255 2921 270 2974 o
288 2921 298 2992 11
318 2926 387 2975 1555
407 2920 588 2974 anichilando
603 2922 619 2974 5
637 2921 646 2993 p
667 2926 735 2975 rsoa
756 2920 902 2990 stupidnq3
919 2921 934 2973 1
952 2919 962 2991 1
982 2924 1050 2973 roos
1066 2895 1130 2991 uiq3
1145 2918 1184 2991 511

162 3032 231 3082 1505
257 3010 348 3097 utr‘ircss
378 3029 545 3096 (utramque)
573 3030 588 3083 b
620 3028 630 3100 11
664 3033 733 3081 1508
762 3026 906 3081 abreviate
937 3028 953 3079 b
980 3027 1025 3096 (51.
1047 3026 1183 3080 harennle

161 3102 246 3166 Plct.)
262 3099 289 3225 μ)
303 3103 371 3152 1509
396 3115 481 3152 arene
500 3101 608 3169 (Pleas
627 3106 690 3152 uria
709 3100 725 3153 b
745 3103 749 3168 Ι
771 3099 863 3153 colum
887 3097 979 3167 (colon
1003 3095 1058 3150 sibi
1080 3115 1183 3166 suppo·

162 3172 248 3225 situm
288 3171 359 3239 lot.):
380 3169 482 3223 collum
498 3172 513 3224 b
531 3170 541 3242 11
561 3176 631 3226 1514
646 3170 805 3226 albescens:
826 3169 903 3224 albet
922 3171 994 3239 (55555
1012 3169 1075 3224 albo
1093 3171 1184 3238 5155115

161 3244 273 3312 creatore)
292 3240 383 3295 fluxus
403 3258 502 3295 arenas
522 3243 538 3297 b
557 3244 698 3313 (lucanam
713 3244 754 3298 sic
777 3243 887 3311 explens
910 3241 1027 3295 comites
1048 3240 1129 3309 quie,
1153 3247 1184 3296 551

161 3347 252 3402 fluxus
277 3351 314 3404 sit
338 3350 507 3404 cornicatico
530 3365 597 3404 caea
622 3349 631 3419 11
658 3354 726 3403 1515
753 3364 836 3417 quas:
863 3364 948 3417 qnam
973 3331 1012 3417 (ᾇ)
1036 3349 1052 3403 b
1076 3347 1087 3472 Ψ
1114 3352 1182 3402 1511

162 3419 253 3475 dolor:
273 3420 349 3474 calor
368 3422 383 3474 b
403 3421 494 3489 (urina
513 3420 567 3474 crit
586 3419 673 3475 rubea
693 3424 721 3476 et
740 3421 841 3490 spissa,
860 3419 941 3474 dolor
960 3436 1024 3474 oum
1043 3436 1076 3473 55
1088 3435 1136 3474 ore
1156 3421 1183 3473 et

162 3493 302 3559 punctura
322 3493 508 3547 Petronoellua
526 3492 555 3546 0.
570 3491 597 3546 S.
614 3495 653 3558 ΙΙ,
663 3496 726 3561 316)
745 3492 755 3564 ll
775 3496 844 3545 1518
863 3490 952 3560 viget:
972 3491 1022 3561 rig
1041 3492 1056 3544 b
1079 3490 1089 3563 11
1114 3495 1182 3545 1519

161 3562 272 3617 urinae:
292 3570 353 3617 vria
373 3563 474 3631 (irrina)
495 3565 510 3616 b
