2422 3998
97 212 139 276 28
547 209 661 264 nomn

39 374 78 414 ors
97 362 212 419 terreus
237 359 365 419 obdurat
388 361 506 437 pulsus,
530 361 667 420 acredine
689 361 827 440 linguam

98 448 234 524 obducit,
256 452 359 509 tennes
382 451 486 510 minas
510 450 609 511 efficit.
648 452 731 510 aetas

96 539 172 598 hora
195 537 296 598 diaeta
317 539 401 600 locus
425 542 456 598 et
478 538 663 615 complexiva
685 541 819 615 potestas

98 629 129 686 et
151 629 298 687 nocturna
319 628 417 707 magis
439 629 573 688 invitans
596 629 670 688 hora
694 629 839 704 dolorem,

97 717 170 776 haec
192 716 249 776 tibi
271 717 400 777 lucidius
423 720 565 793 poterunt
586 717 750 778 describere
773 737 903 778 causam.

40 825 79 864 eoo
170 805 386 883 squinantis
409 807 522 882 species
546 809 606 866 tres
630 808 738 867 humor
760 808 863 884 lapsus
887 808 926 868 ad
949 827 992 885 ysr

97 898 242 971 procreat.
279 895 311 954 in
334 895 432 972 prima
454 897 551 972 replet
571 914 679 972 ysmon
701 899 767 956 tota
790 899 897 957 nociva

97 984 252 1059 materies,
274 1004 329 1043 nec
352 984 439 1062 signa
460 985 535 1044 mali
557 987 708 1045 testantur
730 985 832 1046 adesse

98 1074 271 1149 perniciem,
295 1093 350 1133 nec
372 1076 458 1134 testis
482 1075 568 1134 adest
589 1077 701 1149 tumor,
724 1074 816 1133 immo
840 1076 952 1136 doloris

96 1164 253 1239 praedicat
273 1164 426 1222 inmunem
448 1184 509 1223 non
531 1163 682 1223 inmutata
703 1163 802 1242 figura

40 1269 79 1310 ceo
98 1272 152 1311 nec
176 1254 257 1311 color
280 1251 431 1313 adversus.
467 1255 616 1313 humanae
641 1253 792 1312 subtrahit
814 1273 904 1332 aegro

99 1342 228 1401 officium
252 1340 333 1402 vocis
357 1342 494 1401 otiandi
517 1342 647 1420 denegat
668 1361 756 1401 usum

98 1431 214 1507 passis,
238 1430 310 1488 dum
332 1433 409 1490 nutu
433 1432 589 1491 claustrali
610 1450 692 1491 more
715 1431 826 1510 figurat

99 1522 275 1597 conceptum
297 1520 406 1580 mentis
429 1522 460 1579 et
482 1521 603 1599 linguae
625 1521 692 1580 iura
715 1520 830 1580 silentis

98 1612 226 1685 usurpat
251 1608 372 1687 digitus.
410 1611 509 1670 cervix
532 1612 594 1670 stat
616 1609 717 1669 nescia
739 1609 829 1683 flecti,

41 1715 81 1754 cco
99 1698 227 1775 pectoris
251 1701 379 1777 angusto
402 1701 487 1759 motu
510 1701 669 1775 tractuque
693 1717 810 1759 moroso

100 1788 196 1847 cordis
220 1787 258 1846 ad
282 1788 415 1848 officium
437 1788 526 1848 flatus
550 1790 604 1865 qui
627 1790 774 1848 caumatis
798 1792 914 1847 aestum

99 1878 228 1954 castiget
249 1878 393 1954 trahitur,
416 1897 469 1938 nec
491 1879 673 1954 pertransire
697 1878 830 1937 ciborum

99 1967 211 2043 pabula
233 1987 288 2027 nec
310 1970 384 2044 potu
407 1967 488 2026 refici
510 1968 656 2027 violentia
679 1966 776 2026 morbi

100 2057 249 2133 permittit
271 2075 324 2116 nec
347 2057 481 2135 sugendo
504 2057 622 2116 sorbere
645 2056 778 2116 salivam.

43 2158 81 2198 665
100 2147 209 2206 ultima
231 2147 297 2205 fata
320 2145 382 2205 dies
405 2146 520 2222 primus
544 2146 592 2204 vel
615 2147 701 2206 triste
725 2144 870 2205 secundus

100 2237 245 2312 provocat
267 2235 392 2293 exitium
414 2236 462 2294 vel
484 2234 577 2294 tertia
599 2234 743 2294 terminat
765 2235 848 2311 aegri

101 2323 283 2401 supplicium
305 2324 354 2382 vel
377 2325 486 2399 quarta
509 2325 588 2383 necis
612 2323 792 2383 determinat
814 2324 927 2381 horam.

100 2412 205 2471 Altera
228 2411 398 2488 squinantis
422 2414 534 2488 species
557 2413 589 2471 in
613 2417 699 2489 parte
722 2412 857 2473 recondit

100 2504 183 2561 intus
206 2501 378 2578 materiam,
401 2521 472 2579 pars
495 2503 639 2562 exteriore
662 2503 780 2562 locatur

43 2594 186 2667 cooperte
209 2591 298 2670 gulae
321 2593 521 2667 semivacuae,
545 2590 716 2652 conceditur
737 2610 823 2667 ysmo

173 2732 224 2780 647
244 2727 273 2781 et
292 2726 466 2796 complexiva
484 2744 511 2796 p.
531 2745 569 2782 m:
590 2727 618 2780 at
637 2724 794 2794 complexio
814 2725 987 2779 consuetudo

173 2799 318 2853 6609616Ι
338 2798 380 2852 De
399 2798 564 2867 squinancie
584 2797 677 2852 causis
696 2798 725 2850 et
744 2796 832 2865 signis
852 2798 876 2863 b,
897 2796 932 2849 de
949 2812 992 2865 sag

102 2887 185 2924 cause
205 2886 268 2923 curn
290 2868 379 2939 signis
398 2887 432 2924 m.
465 2871 497 2925 ia
515 2876 591 2924 tectu
609 2868 782 2937 squinantis‚
806 2874 837 2922 ut
856 2868 980 2937 sincopis

102 2957 179 3010 cope.
217 2940 380 3008 quinantia,
405 2940 581 3008 squinantia‚
604 2939 728 2994 sinantia
748 2941 822 2994 Plct.
847 2941 935 3006 (triac
959 2956 992 3008 sp

101 3014 201 3068 rectius
225 3014 257 3066 iu
285 3013 341 3066 cod.
359 3013 434 3067 Vrct.
455 3013 483 3068 0.
504 3012 531 3067 S.
551 3014 599 3079 11,
617 3016 670 3066 201
698 3028 781 3080 qaam
808 3012 840 3064 iu
869 3011 954 3077 edito,
984 3028 992 3064 r

101 3085 214 3152 nantia,
237 3083 374 3151 sinantia,
397 3084 570 3152 squinantia)
593 3084 596 3155 l
618 3082 772 3151 Squinanci
790 3100 830 3149 m,
855 3082 946 3134 -antis
966 3082 981 3135 b

103 3152 228 3226 (ἰσθμόν)
242 3156 286 3209 mb
299 3181 327 3200 =
340 3156 435 3222 fauces
451 3158 497 3222 (ecc
511 3155 598 3223 Plat.)
612 3153 622 3226 ll
637 3159 688 3208 666
704 3153 846 3225 Spniciem
863 3170 890 3207 m
908 3152 918 3224 ll
936 3158 988 3206 664

102 3280 140 3316 ru:
165 3238 273 3332 nec(i1)
294 3263 309 3317 b
332 3260 342 3334 ll
366 3266 417 3315 666
437 3260 524 3316 color:
550 3260 629 3315 dolor
649 3262 693 3316 mb
718 3262 774 3331 (scd
794 3261 871 3314 dolor
890 3266 929 3314 eat
946 3276 992 3314 cco

101 3339 166 3388 teste
184 3336 268 3402 Pzat.)
289 3333 301 3415 Η
326 3338 377 3387 ccl
397 3334 468 3387 nutu
492 3334 520 3387 b:
544 3332 616 3386 muti
640 3351 666 3387 m
688 3332 698 3405 l(
721 3337 773 3387 668
794 3333 823 3386 et
846 3349 885 3386 m:
911 3348 975 3385 cum

103 3405 226 3474 castigat
244 3407 260 3460 b
282 3404 293 3477 ll
319 3410 370 3459 664
389 3404 533 3475 suggendo
552 3405 596 3458 mb
618 3404 628 3475 ll
652 3410 703 3458 666
723 3404 769 3458 foa
788 3403 884 3474 (facta)
905 3405 920 3457 b
943 3402 953 3474 ll
976 3408 992 3455 6

102 3511 136 3566 de
158 3511 248 3566 altera
269 3513 363 3582 specie
385 3529 412 3566 m
430 3512 492 3636 im
513 3512 539 3581 b)
560 3514 564 3581 Ι
585 3511 744 3596 squinantis
767 3512 811 3565 mb
835 3475 951 3592 (finatis
978 3526 992 3562 u

103 3583 128 3652 d)
150 3580 162 3654 ll
185 3588 236 3637 670
255 3583 321 3652 gule
339 3602 378 3638 m:
398 3599 466 3652 gua
486 3584 501 3637 b
522 3585 527 3651 Ι
548 3598 708 3638 semivacua
727 3583 771 3637 rub
792 3583 796 3652 Ι
817 3580 981 3635 conceditur
