2422 3998
538 117 708 173 vmrroos
1095 127 1135 190 17

123 277 309 332 praecurrens
332 269 454 346 signum
475 287 536 327 non
559 269 727 345 praedicat,
750 271 858 346 arripit
881 291 1003 350 aegrum

123 356 219 421 passio
241 356 364 417 furtiva.
401 358 587 417 stomachum
610 377 676 417 cum
699 359 788 416 noxia
810 361 908 420 morbi

123 453 211 505 causa
231 447 340 524 replet,
364 444 450 506 dolor
472 449 595 507 accusat
618 448 670 524 qui
693 448 775 508 virus
797 448 908 510 ibidem

121 525 375 610 allegationum
398 537 480 595 mali.
517 537 617 615 gravis
640 555 708 596 esca
729 538 871 598 molestat

75 619 105 660 ⁸⁶⁵
120 615 252 684 officium
274 625 451 704 digestivae,
474 626 656 703 praenuntia
679 627 766 705 signa

117 721 221 772 essum
243 715 465 792 praescribunt,
488 734 556 775 cum
578 715 747 792 perniciosa
768 719 905 776 movetur

114 799 271 880 materies,
295 803 367 863 dum
391 802 528 881 subrepit
549 806 695 864 violentia
717 806 795 864 fumi

112 890 280 981 sensibilis,
304 893 358 971 qui
380 893 524 970 serpendo
547 912 687 969 suprema
709 896 830 954 lacessit

110 977 276 1058 ancipitis.
313 984 340 1042 si
363 999 453 1042 causa
475 1001 596 1042 manens
621 984 653 1041 in
675 987 762 1059 parte
784 988 901 1043 remota

52 1064 94 1135 :⁸³⁰
108 1075 286 1157 t⁰mmovet
307 1073 386 1130 hanc
408 1073 535 1149 pestem,
559 1072 678 1150 signum
701 1075 897 1150 praenuntiat
920 1093 1009 1153 aegro

105 1157 267 1220 mustum
289 1161 401 1237 morbi,
425 1161 496 1220 dum
518 1163 598 1237 repit
621 1181 711 1221 causa
734 1164 841 1222 nociva

104 1251 252 1318 corporis
276 1251 314 1310 ad
336 1252 491 1327 templum.
528 1252 620 1310 semel
641 1252 715 1311 haec
739 1253 887 1328 completa
909 1253 1052 1314 retransit

101 1337 233 1424 passio,
256 1341 378 1399 fallaces
401 1339 473 1398 dnm
497 1340 628 1416 quodem
648 1340 715 1399 iure
736 1341 870 1419 maligno

99 1417 243 1488 lllsidias
265 1429 365 1507 ponit,
388 1428 486 1487 medio
510 1429 584 1505 quia
605 1432 739 1507 tempore
763 1449 881 1490 cessans

52 1512 83 1552 ”⁵
97 1517 265 1604 mentitur
286 1518 433 1595 requiem,
457 1517 509 1578 sed
531 1520 602 1594 post
623 1519 756 1579 recidiva
778 1520 923 1579 reformat

97 1597 244 1666 entium
267 1607 362 1668 subiti
384 1626 531 1667 renovans
554 1608 726 1668 discrimina
748 1609 858 1683 morbi,

94 1696 315 1757 moreretur
340 1715 371 1756 se
394 1698 582 1757 continuans.
618 1698 692 1756 haec
714 1717 792 1774 pena
815 1717 868 1774 per
889 1698 994 1758 horam

95 1767 244 1862 affligit,
268 1785 449 1864 quandoque
473 1788 581 1862 quater
602 1789 746 1846 renovata
767 1807 821 1863 per
843 1807 936 1846 unum

93 1861 306 1959 mFltiplicat
328 1878 479 1935 tormenta
501 1876 594 1951 diem,
618 1875 796 1953 quandoque
819 1876 940 1936 nocivos

52 1968 79 2010 ⁸⁰
93 1951 258 2026 tnplicat
279 1964 422 2040 insultus,
444 1967 571 2024 renovat
593 1965 771 2042 quandoque
794 1965 927 2040 ruinam,

95 2054 349 2131 1101111umquam
371 2054 462 2114 semel
485 2055 616 2114 infestat.
654 2053 685 2113 si
709 2056 788 2114 sicca
811 2054 852 2114 sit
874 2056 937 2114 eius

97 2134 275 2229 Qstteries,
299 2162 367 2203 cum
389 2144 462 2203 luna
485 2143 547 2203 suis
571 2142 736 2204 defectibus
760 2143 861 2202 orbem

102 2217 278 2308 dminuit,
301 2233 389 2293 cedit.
426 2233 453 2292 si
476 2251 567 2292 causa
589 2232 630 2292 sit
651 2234 788 2308 humida,
811 2235 901 2293 lunae

106 2321 271 2382 cremento
296 2323 403 2382 crescit
423 2321 553 2381 morbus.
591 2341 659 2381 cum
681 2324 771 2400 plene
795 2323 836 2382 sit
859 2325 923 2382 eius

110 2409 338 2433 Ά“χ-.η,--

198 2497 248 2546 363
266 2494 343 2547 rubr.
358 2491 445 2562 Signa
459 2492 602 2546 analensie
621 2492 660 2545 111
674 2511 701 2546 m
720 2495 773 2562 (om
793 2494 818 2562 b)
833 2492 842 2564 tt
857 2499 909 2547 366
924 2495 1005 2546 οηῖιηι
1021 2510 1061 2546 m:
1081 2495 1143 2547 cam

121 2555 260 2633 (musam)
280 2565 296 2618 b
320 2563 330 2636 tt
353 2568 403 2616 367
424 2562 547 2633 surrepit
565 2565 580 2618 b
598 2563 608 2636 tl
627 2569 679 2619 368
699 2563 816 2618 lacescit
833 2582 873 2631 m,
897 2563 1012 2617 latescit
1029 2564 1045 2617 b
1062 2563 1073 2635 t
1092 2569 1143 2617 369

125 2623 201 2690 Νῦν.
215 2635 303 2705 Signa
321 2635 523 2704 cathalempsie
541 2635 555 2688 I
572 2654 598 2689 m
615 2638 619 2704 Ι
635 2636 666 2689 in
683 2638 765 2704 parte
784 2638 892 2689 remota
910 2651 945 2689 cc.
965 2634 995 2688 in
1014 2635 1144 2688 extremi-

52 2714 54 2723 ·
128 2697 233 2761 tauhun
251 2709 285 2761 ut
303 2707 334 2760 in
351 2706 483 2759 manibus
497 2705 541 2760 vel
559 2706 680 2776 pedibus
696 2707 769 2761 Plat.
789 2707 799 2790 t]
818 2712 868 2760 371
883 2708 959 2761 rubr.
973 2708 992 2760 η’.
1006 2723 1041 2760 m.
1056 2705 1144 2760 Inter-

133 2769 224 2842 polata
242 2780 286 2834 est
303 2796 331 2832 m
351 2780 355 2846 Ι
376 2778 453 2847 rapit
470 2796 497 2833 m
517 2783 521 2846 Ι
542 2778 641 2832 nociva
660 2779 688 2832 b:
708 2779 800 2832 nocivi
823 2796 850 2831 m
872 2777 882 2849 Η
905 2783 956 2831 373
981 2775 1144 2845 cataleptici

138 2854 223 2903 absum
246 2849 444 2919 praesentiunt
470 2850 551 2918 quesi
576 2851 734 2918 reptionem
760 2849 942 2903 formicarum
966 2847 1011 2902 vel
1036 2850 1144 2902 motum

140 2917 273 2976 cuiusdam
301 2936 387 2974 auree
415 2937 450 2974 ex
476 2921 596 2975 materia
628 2938 737 2974 ameum
771 2921 940 2974 ascendente
968 2921 1041 2974 Plot.
1073 2925 1077 2987 Ι
1106 2919 1144 2973 ad

138 2992 263 3063 templum
277 2994 296 3047 η’.
308 2992 344 3045 ad
359 2991 504 3046 cerebrum
518 2992 578 3064 1⁰·tt
593 2998 644 3046 373
660 2993 781 3061 quedam
797 2992 875 3062 (qda)
890 2993 905 3046 b
919 2992 929 3063 t
943 2997 995 3045 374
1009 2991 1091 3060 pouit
1104 3008 1143 3044 me

137 3065 222 3136 posui
240 3066 255 3118 b
273 3064 284 3137 tl
303 3068 355 3117 375
371 3065 437 3133 pest
453 3081 493 3118 m:
513 3063 577 3133 plus
592 3064 666 3133 (pl’s)
682 3063 728 3188 bfl
744 3069 795 3118 378
809 3064 882 3117 rubr.
899 3062 1068 3132 quandoque
1083 3062 1144 3131 qui-

137 3135 193 3192 dam
211 3135 302 3190 rarius
322 3135 428 3189 cadunt
446 3153 472 3189 m
489 3137 493 3203 Ι
510 3134 600 3205 adigit
618 3154 658 3190 m:
680 3134 711 3188 af
729 3135 794 3204 igi*
813 3135 926 3203 (-gitur)
946 3136 962 3190 b
979 3137 982 3203 Ι
998 3150 1085 3186 unum
1104 3152 1143 3186 m:

133 3225 210 3266 anum
230 3209 246 3263 b
264 3207 274 3280 lt
293 3212 343 3261 381
363 3207 482 3260 infestat
499 3225 538 3261 m:
558 3207 664 3260 insistit
683 3208 698 3260 b
717 3206 726 3278 t
745 3212 796 3259 383
812 3205 847 3258 de
865 3205 934 3259 lune
951 3208 994 3275 (cc
1010 3203 1143 3271 θαῑηηοὲ)

131 3283 218 3341 emet.
239 3285 320 3349 parat.
347 3280 376 3346 I,
397 3282 434 3333 22
457 3279 531 3332 anae
557 3285 582 3333 ct
607 3281 648 3333 Ic.
674 3279 707 3333 dc
733 3278 760 3333 8,
776 3278 880 3332 Paulo:
903 3277 954 3345 Ep.
978 3291 1032 3344 que
1058 3276 1091 3329 fit
1115 3275 1144 3327 in

127 3353 299 3412 incremento
327 3349 406 3416 lune,
438 3349 597 3416 humidam,
630 3366 684 3418 que
717 3350 747 3402 in
779 3347 903 3416 defectu,
936 3349 1067 3401 naturum
1097 3348 1143 3416 (al.

124 3421 285 3491 materiam)
311 3420 399 3475 habet
422 3421 525 3474 siccam
549 3423 640 3491 (aliter
664 3423 748 3490 Plot.)
778 3420 788 3492 tt
818 3424 869 3472 383
894 3418 981 3473 cedit:
1008 3418 1078 3472 ledit
1101 3419 1144 3472 mb

121 3499 171 3573 (of.
186 3511 210 3550 o.
227 3493 245 3548 i.
259 3494 322 3563 708)

178 3602 428 3644 nemorensem.
968 3604 988 3649 ‘t
