2422 3998
173 208 220 262 EX
240 207 413 264 GLOSULIS
432 207 722 264 AFFORISMORUM
741 209 768 263 S.
782 207 871 265 MAG.
886 207 991 263 CARD.
1045 210 1108 276 109

88 352 179 406 etiam
202 352 340 407 rectificat
363 350 455 405 anime
478 351 668 419 operationes,
693 368 756 405 cum
779 351 843 420 ipsa
865 349 971 405 habeat
993 367 1107 420 operam

89 439 270 493 percorpus.
298 425 327 477 et
346 422 387 476 ita
406 425 449 477 est
467 424 527 477 tam
547 423 582 477 ds
600 421 810 492 generabilibus
830 425 858 476 et
877 421 1108 493 corruptibilibus

85 522 176 598 ¹quam
196 529 231 583 de
250 528 408 586 celestibus.
435 512 483 599 3¹)
503 529 622 584 scientia
641 530 684 584 est
703 529 738 583 de
757 527 868 582 difficili
887 531 916 583 st
931 527 1013 584 bono.
1041 545 1112 600 ergo.

91 617 148 670 que
169 602 212 654 est
230 601 265 654 de
283 600 451 655 difficillimo
471 603 500 655 et
518 600 625 670 optimo
647 603 691 655 est
712 599 901 665 nobilissima,
924 599 990 654 talis
1013 603 1109 655 autem

90 675 136 727 est
153 671 307 740 medicina,
326 672 401 741 quod
419 673 507 740 patet.
536 675 579 727 est
599 671 686 739 enim,
706 673 780 725 sicut
794 672 902 725 dictum
921 673 976 738 est,
996 672 1030 725 de
1049 688 1108 726 cor·

90 760 160 813 pore
176 744 311 811 humano,
331 743 407 814 quod
426 743 531 797 dicitnr
549 743 716 813 dignissima
735 745 939 808 creaturarum,
959 745 988 797 et
1006 743 1047 797 sic
1066 744 1109 798 est

91 815 129 870 de
147 814 262 882 optimo.
295 817 339 870 est
357 815 444 869 etiam
463 815 498 868 de
517 814 697 882 difficillimo,
722 814 790 883 quia
813 817 856 868 est
876 814 912 868 de
929 813 1056 882 homine,
1080 817 1109 869 et

90 887 135 941 ita
147 886 183 939 de
197 886 287 939 causis
301 886 431 941 hominis.
456 902 521 939 nam
541 886 611 941 scire
630 888 674 940 est
692 901 806 940 causam
825 885 866 940 rei
885 900 1060 955 cognoscere,
1079 889 1109 940 et

92 956 255 1026 quoniam’)
274 956 351 1011 illius
371 960 415 1011 est
433 973 532 1024 causa,
553 960 582 1012 et
600 956 765 1026 inpossibile
785 959 829 1011 est
846 956 930 1010 aliter
948 973 977 1010 se
995 957 1107 1024 habere,

90 1030 125 1082 ut
141 1028 203 1083 vult
221 1027 457 1098 philosophus.
486 1028 685 1083 difficillimum
709 1029 783 1083 enim
808 1031 850 1082 est
869 1042 968 1081 causas
986 1027 1108 1082 hominis

92 1115 268 1170 cognoscere,
288 1101 356 1169 quia
374 1116 458 1154 causa
476 1100 633 1154 materialis
652 1103 717 1154 sunt
734 1099 787 1154 1111
805 1099 952 1154 elementa.
984 1099 1108 1169 cognitio

92 1171 168 1226 onim
187 1187 282 1225 eorum
303 1173 346 1226 est
364 1170 541 1227 difficillima.
572 1186 657 1226 causa
676 1171 801 1227 efficiens
819 1171 944 1225 eiusdem
964 1172 1007 1224 est
1024 1171 1108 1225 homo

92 1245 121 1297 et
139 1241 189 1296 sol.
221 1242 306 1296 homo
325 1242 399 1296 enim
422 1245 540 1312 generat
562 1242 704 1297 hominem
728 1245 757 1297 et
780 1242 834 1309 sol,
857 1244 890 1295 ut
912 1241 973 1296 vult
994 1241 1109 1311 philo-

91 1332 104 1368 s
108 1314 226 1439 ξρὴιιε.
251 1330 336 1439 cazsa
350 1314 688 1440 affltfssimiffimalistipsius
705 1314 826 1438 hi'ffiffl
841 1316 889 1439 test
906 1313 1010 1438 azima,
1026 1313 1109 1438 cuin}

92 1401 107 1439 e
133 1402 177 1438 am
207 1401 290 1455 cognr
304 1402 332 1439 ιο
380 1403 390 1438 ι
423 1402 438 1440 c
513 1402 530 1440 a
558 1403 608 1440 es.
651 1401 734 1455 cognr
748 1401 775 1440 10
804 1401 841 1439 au
855 1401 898 1440 em
947 1402 1048 1440 ommis
1080 1400 1095 1438 e

91 1460 184 1511 motus
208 1456 438 1525 supercelestium
462 1473 609 1526 corporum
629 1456 799 1511 difficillima
820 1458 870 1511 est.
905 1472 990 1510 causa
1013 1458 1107 1510 autem

91 1527 185 1582 iinalis
200 1528 324 1582 omnium
337 1543 431 1582 rerum
445 1531 489 1583 est
502 1529 593 1583 homo.
623 1529 718 1582 omnia
732 1528 807 1583 enim
820 1528 898 1583 facta
912 1530 979 1581 sunt
994 1529 1109 1596 propter

90 1599 247 1666 hominem,
266 1599 391 1669 cognitio
410 1602 506 1655 autem
525 1599 650 1654 omnium
669 1616 761 1655 rerum
781 1603 824 1654 est
842 1599 1020 1653 difficillima.

164 1669 221 1724 Vel
245 1670 351 1725 aliter
373 1674 402 1725 et
424 1671 537 1738 melius,
560 1674 594 1725 ut
612 1672 703 1725 credo.
735 1671 798 1724 finis
816 1670 938 1725 hominis
957 1674 1001 1724 est
1018 1669 1109 1724 beati·

91 1742 170 1808 tudo,
190 1742 269 1796 cuius
284 1741 408 1812 cognitio
423 1746 466 1797 est
480 1742 655 1796 difficillima.
675 1741 743 1796 licet
761 1742 835 1796 enim
853 1743 891 1796 sit
904 1742 968 1795 finis
980 1742 982 1812 i
996 1742 1025 1812 (f.
1037 1743 1108 1808 lat)

91 1813 218 1869 omnium
241 1812 361 1866 aliarum
384 1829 489 1880 rerum,
512 1831 569 1868 non
587 1816 684 1868 tamen
702 1813 758 1867 alie
776 1830 820 1867 res
839 1816 954 1882 propter
971 1813 1025 1867 hoc
1044 1816 1110 1867 sunt

92 1885 157 1938 finis
171 1884 267 1953 ipsius.
296 1885 380 1938 etita
394 1884 535 1940 medicina
549 1887 592 1939 est
606 1885 641 1938 de
655 1885 762 1953 optimo
777 1887 806 1939 et
825 1884 1002 1951 difficillimo,
1022 1899 1109 1953 quare

92 1958 136 2010 est
154 1956 263 2024 optima
282 1955 408 2012 scientia.
442 1958 470 2010 et
491 1958 607 2025 propter
625 1957 678 2010 hoc
696 1973 753 2010 non
772 1957 814 2009 est
831 1954 947 2023 mirum,
971 1955 995 2009 si
1013 1957 1108 2009 tantos

92 2031 122 2082 et
140 2026 308 2081 excellentes
327 2027 427 2081 habuit
446 2030 583 2094 auctores,
602 2028 677 2082 inter
695 2044 764 2097 quos
778 2026 970 2095 Ypocrates
988 2027 1044 2080 fuit
1063 2043 1109 2080 ex-

92 2098 317 2165 cellentissimus,
337 2099 410 2153 sicut
428 2098 639 2154 Aristoteles
658 2098 908 2153 excellentissimus
926 2099 982 2152 fuit
1000 2099 1030 2151 in
1049 2099 1109 2151 arte

92 2169 251 2224 dialectica.
278 2170 353 2225 unde
372 2171 445 2223 sicut
461 2173 507 2223 Ar.
527 2171 648 2224 tradidit
666 2171 701 2224 de
719 2169 874 2238 sillogismo
893 2170 923 2223 in
940 2187 997 2222 una
1020 2169 1109 2222 scien-

92 2241 135 2296 tia
153 2241 184 2297 in
203 2241 352 2309 communi,
370 2244 403 2295 ut
421 2242 451 2295 in
470 2241 543 2296 libro
562 2242 695 2311 priorum,
715 2242 745 2295 in
762 2241 820 2295 alia
833 2242 924 2309 magis
939 2240 970 2294 in
984 2239 1108 2309 speciali,

91 2316 125 2367 ut
143 2311 174 2366 in
192 2312 264 2367 libro
283 2313 482 2381 posteriorum,
505 2314 547 2367 ita
566 2312 638 2382 Ypo.
653 2312 773 2367 tradidit
790 2313 959 2368 medicinam
983 2313 1013 2365 in
1035 2328 1109 2366 com-

92 2384 172 2437 muni
204 2384 234 2438 in
266 2383 339 2439 libro
373 2384 643 2451 afforismorum,
676 2385 768 2455 magis
798 2384 828 2437 in
856 2384 986 2453 speciali,
1019 2385 1052 2437 ut
1079 2383 1110 2436 in

92 2455 166 2510 libro
186 2456 474 2524 pronosticorum,
494 2455 617 2509 maxima
636 2457 827 2510 contrahendo
847 2457 884 2510 ad
903 2455 1057 2524 minimai),
1076 2459 1110 2509 ut

92 2528 123 2582 in
141 2526 214 2581 libro
239 2527 278 2581 de
302 2527 493 2597 regimento
517 2530 702 2582 acutorum.
740 2527 847 2581 nullam
871 2529 966 2581 autem
989 2527 1110 2581 tradidit

93 2598 241 2653 scientiam
265 2599 481 2667 respondentem
505 2598 671 2667 sophistice,
694 2599 762 2666 quia
784 2599 814 2652 in
837 2599 891 2652 hac
912 2601 972 2653 arte
991 2600 1110 2652 nonest

93 2670 261 2738 sophistica,
285 2671 417 2738 quoniam
437 2669 592 2738 Ypocrates
615 2669 756 2738 accipiens
779 2670 954 2738 elegantiora
977 2669 1054 2723 dicta
1073 2668 1109 2723 ab

94 2741 159 2795 aliis
182 2741 357 2810 philosophis
381 2742 415 2795 de
438 2741 579 2796 medicina
603 2741 767 2810 compilavit
790 2744 879 2795 artem
900 2740 1038 2794 medicine
1057 2739 1109 2793 sub

93 2813 260 2881 compendio
279 2812 309 2865 in
327 2811 399 2866 libro
418 2812 471 2866 hoc
491 2813 540 2881 qui
558 2813 663 2867 dicitur
680 2812 892 2867 afforismorum.

164 2885 324 2951 Antequam
351 2885 445 2937 autem
468 2884 634 2939 accedamus
657 2884 693 2937 ad
716 2883 854 2948 litteram,
882 2883 1034 2936 videndum
1058 2884 1108 2950 est,

94 2955 170 3039 sicut
185 2955 216 3009 in
235 2954 299 3008 aliis
318 2954 405 3038 libris.
417 2955 463 3038 (cf.
478 2973 564 3038 supra
580 2973 608 3024 p.
624 2956 686 3009 XX
693 2957 737 3022 V),
757 2971 811 3024 que
830 2955 867 3008 sit
887 2955 1007 3038 materia
1025 2954 1109 3036 huius

93 3043 207 3165 titis,
225 3043 279 3151 tt?
291 3028 899 3167 §diffiditisstittttttiit
915 3042 1109 3151 aitardi

167 3297 193 3361 1)
212 3272 231 3363 p
250 3295 307 3348 cod.
328 3297 364 3363 (=
378 3296 458 3361 puta)
477 3301 509 3349 ut
526 3297 645 3363 saepias.

167 3387 193 3452 2)
213 3383 346 3452 quoniam
365 3385 446 3454 (q'm):
466 3385 506 3438 sic
524 3384 582 3437 cod.

167 3494 193 3560 3)
212 3490 330 3544 minima
349 3467 410 3559 (mk
434 3491 473 3544 sic
495 3491 552 3544 cod.
574 3491 778 3560 (inperitissimi
797 3491 939 3558 scriptorio
957 3507 1057 3545 manus
1075 3491 1109 3544 ab

94 3565 154 3618 ulia
177 3580 283 3701 maaca)
300 3579 382 3630 quam
405 3578 508 3629 seosper·
529 3568 637 3617 secatus
658 3579 732 3628 oum,
753 3563 860 3630 passim
883 3562 1039 3632 corripitur,
1063 3562 1111 3616 sed

93 3652 150 3689 nors
167 3650 292 3702 semper.
