<?xml version="1.0" encoding="UTF-8"?>
<!DOCTYPE html PUBLIC "-//W3C//DTD XHTML 1.0 Transitional//EN"
    "http://www.w3.org/TR/xhtml1/DTD/xhtml1-transitional.dtd">
<html xmlns="http://www.w3.org/1999/xhtml" xml:lang="en" lang="en">
 <head>
  <title>
</title>
<meta http-equiv="Content-Type" content="text/html;charset=utf-8" />
  <meta name='ocr-system' content='tesseract 3.04.00' />
  <meta name='ocr-capabilities' content='ocr_page ocr_carea ocr_par ocr_line ocrx_word'/>
</head>
<body>
  <div class='ocr_page' id='page_1' title='image "./egidiicorbolien01rosegoog_0015.png"; bbox 0 0 2422 3998; ppageno 0'>
   <div class='ocr_carea' id='block_1_1' title="bbox 93 168 117 222">
    <p class='ocr_par' dir='ltr' id='par_1_1' title="bbox 93 168 117 222">
     <span class='ocr_line' id='line_1_1' title="bbox 93 168 117 222; baseline 0 0"><span class='ocrx_word' id='word_1_1' title='bbox 93 168 117 222; x_wconf 92' lang='lat' dir='ltr'><strong>X</strong></span> 
     </span>
    </p>
   </div>
   <div class='ocr_carea' id='block_1_2' title="bbox 91 313 1116 3346">
    <p class='ocr_par' dir='ltr' id='par_1_2' title="bbox 91 313 1115 487">
     <span class='ocr_line' id='line_1_2' title="bbox 91 313 1115 402; baseline 0.003 -25"><span class='ocrx_word' id='word_1_2' title='bbox 91 319 190 398; x_wconf 84' lang='lat' dir='ltr'>egidio</span> <span class='ocrx_word' id='word_1_3' title='bbox 205 314 398 378; x_wconf 88' lang='lat' dir='ltr'>corboilensi&#39;</span> <span class='ocrx_word' id='word_1_4' title='bbox 413 313 668 399; x_wconf 86' lang='lat' dir='ltr'>(quadripartitus</span> <span class='ocrx_word' id='word_1_5' title='bbox 678 319 942 395; x_wconf 84' lang='lat' dir='ltr'>cumpraefatione</span> <span class='ocrx_word' id='word_1_6' title='bbox 951 313 1115 402; x_wconf 87' lang='lat' dir='ltr'>prosaica),</span> 
     </span>
     <span class='ocr_line' id='line_1_3' title="bbox 92 403 1115 487; baseline 0.001 -19"><span class='ocrx_word' id='word_1_7' title='bbox 92 412 259 484; x_wconf 88' lang='lat' dir='ltr'>sequuntur</span> <span class='ocrx_word' id='word_1_8' title='bbox 272 409 364 468; x_wconf 81' lang='lat' dir='ltr'>eliam</span> <span class='ocrx_word' id='word_1_9' title='bbox 374 403 534 468; x_wconf 71' lang='lat' dir='ltr'>‘instituta</span> <span class='ocrx_word' id='word_1_10' title='bbox 547 408 737 487; x_wconf 81' lang='lat' dir='ltr'>mag.Egidii</span> <span class='ocrx_word' id='word_1_11' title='bbox 750 407 786 466; x_wconf 90' lang='lat' dir='ltr'>de</span> <span class='ocrx_word' id='word_1_12' title='bbox 800 407 919 468; x_wconf 90' lang='lat' dir='ltr'>iudiciis</span> <span class='ocrx_word' id='word_1_13' title='bbox 932 405 1115 469; x_wconf 88' lang='lat' dir='ltr'>urinarum&#39;.</span> 
     </span>
    </p>

    <p class='ocr_par' dir='ltr' id='par_1_3' title="bbox 91 492 1116 3346">
     <span class='ocr_line' id='line_1_4' title="bbox 163 492 1115 575; baseline 0.003 -19"><span class='ocrx_word' id='word_1_14' title='bbox 163 498 296 558; x_wconf 87' lang='lat' dir='ltr'>Alterius</span> <span class='ocrx_word' id='word_1_15' title='bbox 316 501 416 557; x_wconf 90' lang='lat' dir='ltr'>autem</span> <span class='ocrx_word' id='word_1_16' title='bbox 436 499 533 573; x_wconf 89' lang='lat' dir='ltr'>operis</span> <span class='ocrx_word' id='word_1_17' title='bbox 552 516 646 573; x_wconf 90' lang='lat' dir='ltr'>paene</span> <span class='ocrx_word' id='word_1_18' title='bbox 663 498 784 575; x_wconf 85' lang='lat' dir='ltr'>gemelli</span> <span class='ocrx_word' id='word_1_19' title='bbox 798 492 848 556; x_wconf 72' lang='lat' dir='ltr'>‘de</span> <span class='ocrx_word' id='word_1_20' title='bbox 862 493 1115 559; x_wconf 83' lang='lat' dir='ltr'>siuthomatibus&#39;</span> 
     </span>
     <span class='ocr_line' id='line_1_5' title="bbox 92 585 1115 664; baseline 0.002 -18"><span class='ocrx_word' id='word_1_21' title='bbox 92 607 129 646; x_wconf 86' lang='lat' dir='ltr'>ne</span> <span class='ocrx_word' id='word_1_22' title='bbox 158 588 190 645; x_wconf 92' lang='lat' dir='ltr'>in</span> <span class='ocrx_word' id='word_1_23' title='bbox 220 588 288 664; x_wconf 89' lang='lat' dir='ltr'>ipsa</span> <span class='ocrx_word' id='word_1_24' title='bbox 318 587 437 662; x_wconf 89' lang='lat' dir='ltr'>quidem</span> <span class='ocrx_word' id='word_1_25' title='bbox 463 585 563 646; x_wconf 85' lang='lat' dir='ltr'>Gallia</span> <span class='ocrx_word' id='word_1_26' title='bbox 593 606 673 646; x_wconf 90' lang='lat' dir='ltr'>nunc</span> <span class='ocrx_word' id='word_1_27' title='bbox 703 587 885 661; x_wconf 84' lang='lat' dir='ltr'>exemplaria</span> <span class='ocrx_word' id='word_1_28' title='bbox 912 587 1115 664; x_wconf 87' lang='lat' dir='ltr'>reperiuntur,</span> 
     </span>
     <span class='ocr_line' id='line_1_6' title="bbox 91 674 1116 751; baseline 0.002 -16"><span class='ocrx_word' id='word_1_29' title='bbox 91 677 261 751; x_wconf 89' lang='lat' dir='ltr'>deperditus</span> <span class='ocrx_word' id='word_1_30' title='bbox 299 676 457 735; x_wconf 84' lang='lat' dir='ltr'>videbatur</span> <span class='ocrx_word' id='word_1_31' title='bbox 492 677 597 736; x_wconf 91' lang='lat' dir='ltr'>unicus</span> <span class='ocrx_word' id='word_1_32' title='bbox 635 676 727 735; x_wconf 85' lang='lat' dir='ltr'>codex</span> <span class='ocrx_word' id='word_1_33' title='bbox 763 674 927 735; x_wconf 83' lang='lat' dir='ltr'>Godofredi</span> <span class='ocrx_word' id='word_1_34' title='bbox 959 677 1116 737; x_wconf 83' lang='lat' dir='ltr'>Thomasii</span> 
     </span>
     <span class='ocr_line' id='line_1_7' title="bbox 93 757 1116 846; baseline 0.003 -23"><span class='ocrx_word' id='word_1_35' title='bbox 93 759 130 846; x_wconf 85' lang='lat'>(†</span> <span class='ocrx_word' id='word_1_36' title='bbox 150 763 261 841; x_wconf 87' lang='grc'>1746),</span> <span class='ocrx_word' id='word_1_37' title='bbox 284 785 373 841; x_wconf 87' lang='lat' dir='ltr'>quem</span> <span class='ocrx_word' id='word_1_38' title='bbox 396 768 510 824; x_wconf 87' lang='lat' dir='ltr'>emerat</span> <span class='ocrx_word' id='word_1_39' title='bbox 532 757 643 846; x_wconf 88' lang='lat' dir='ltr'>(pretio</span> <span class='ocrx_word' id='word_1_40' title='bbox 667 766 730 825; x_wconf 88' lang='lat' dir='ltr'>scil.</span> <span class='ocrx_word' id='word_1_41' title='bbox 750 765 831 841; x_wconf 90' lang='lat' dir='ltr'>quod</span> <span class='ocrx_word' id='word_1_42' title='bbox 854 765 896 824; x_wconf 91' lang='lat' dir='ltr'>sic</span> <span class='ocrx_word' id='word_1_43' title='bbox 920 765 1116 826; x_wconf 87' lang='lat' dir='ltr'>constituitur</span> 
     </span>
     <span class='ocr_line' id='line_1_8' title="bbox 91 849 1115 933; baseline 0.001 -20"><span class='ocrx_word' id='word_1_44' title='bbox 91 855 123 913; x_wconf 90' lang='lat' dir='ltr'>in</span> <span class='ocrx_word' id='word_1_45' title='bbox 139 849 353 915; x_wconf 70' lang='lat' dir='ltr'>‘Bibliothecae</span> <span class='ocrx_word' id='word_1_46' title='bbox 364 850 594 914; x_wconf 71' lang='lat' dir='ltr'>&#39;l’homasianae’</span> <span class='ocrx_word' id='word_1_47' title='bbox 604 874 622 914; x_wconf 90' lang='lat' dir='ltr'>a</span> <span class='ocrx_word' id='word_1_48' title='bbox 631 854 763 914; x_wconf 86' lang='lat' dir='ltr'>Panzero</span> <span class='ocrx_word' id='word_1_49' title='bbox 773 854 939 931; x_wconf 73' lang='lat' dir='ltr'><strong>descriptae</strong></span> <span class='ocrx_word' id='word_1_50' title='bbox 949 849 1115 933; x_wconf 74' lang='lat' dir='ltr'>‘Appendi-</span> 
     </span>
     <span class='ocr_line' id='line_1_9' title="bbox 93 938 1116 1024; baseline 0.001 -20"><span class='ocrx_word' id='word_1_51' title='bbox 93 938 192 1004; x_wconf 87' lang='lat' dir='ltr'>cibus’</span> <span class='ocrx_word' id='word_1_52' title='bbox 216 943 463 1004; x_wconf 76' lang='grc'>11011111111772</span> <span class='ocrx_word' id='word_1_53' title='bbox 482 964 510 1020; x_wconf 94' lang='lat' dir='ltr'>p.</span> <span class='ocrx_word' id='word_1_54' title='bbox 526 946 567 1002; x_wconf 81' lang='lat'>42</span> <span class='ocrx_word' id='word_1_55' title='bbox 593 939 627 1002; x_wconf 75' lang='lat'>‘2</span> <span class='ocrx_word' id='word_1_56' title='bbox 642 944 671 1003; x_wconf 88' lang='lat' dir='ltr'>fl.</span> <span class='ocrx_word' id='word_1_57' title='bbox 687 939 814 1024; x_wconf 68' lang='grc'>30113)</span> <span class='ocrx_word' id='word_1_58' title='bbox 839 942 956 1004; x_wconf 71' lang='grc'>0111.</span> <span class='ocrx_word' id='word_1_59' title='bbox 975 944 1012 1003; x_wconf 94' lang='lat' dir='ltr'>de</span> <span class='ocrx_word' id='word_1_60' title='bbox 1031 944 1116 1005; x_wconf 87' lang='lat' dir='ltr'>Murr</span> 
     </span>
     <span class='ocr_line' id='line_1_10' title="bbox 94 1027 1115 1109; baseline 0 -17"><span class='ocrx_word' id='word_1_61' title='bbox 94 1052 172 1092; x_wconf 88' lang='lat' dir='ltr'>anno</span> <span class='ocrx_word' id='word_1_62' title='bbox 197 1036 292 1092; x_wconf 95' lang='grc'>1777.</span> <span class='ocrx_word' id='word_1_63' title='bbox 340 1027 508 1101; x_wconf 75' lang='lat' dir='ltr'>‘Quaerant</span> <span class='ocrx_word' id='word_1_64' title='bbox 537 1052 616 1092; x_wconf 90' lang='lat' dir='ltr'>nunc</span> <span class='ocrx_word' id='word_1_65' title='bbox 646 1033 701 1092; x_wconf 87' lang='grc'>1111</span> <span class='ocrx_word' id='word_1_66' title='bbox 729 1034 836 1092; x_wconf 89' lang='lat' dir='ltr'>harum</span> <span class='ocrx_word' id='word_1_67' title='bbox 865 1054 966 1093; x_wconf 87' lang='lat' dir='ltr'>rerum</span> <span class='ocrx_word' id='word_1_68' title='bbox 995 1034 1115 1109; x_wconf 89' lang='lat' dir='ltr'>curiosi,</span> 
     </span>
     <span class='ocr_line' id='line_1_11' title="bbox 93 1121 1115 1208; baseline 0.002 -27"><span class='ocrx_word' id='word_1_69' title='bbox 93 1126 123 1181; x_wconf 93' lang='lat' dir='ltr'>et</span> <span class='ocrx_word' id='word_1_70' title='bbox 146 1123 170 1182; x_wconf 90' lang='lat' dir='ltr'>si</span> <span class='ocrx_word' id='word_1_71' title='bbox 193 1123 311 1182; x_wconf 87' lang='lat' dir='ltr'>felicius</span> <span class='ocrx_word' id='word_1_72' title='bbox 331 1141 423 1197; x_wconf 89' lang='lat' dir='ltr'>quam</span> <span class='ocrx_word' id='word_1_73' title='bbox 441 1122 516 1181; x_wconf 91' lang='lat' dir='ltr'>mihi</span> <span class='ocrx_word' id='word_1_74' title='bbox 534 1123 690 1208; x_wconf 82' lang='lat' dir='ltr'>negotium</span> <span class='ocrx_word' id='word_1_75' title='bbox 709 1122 842 1195; x_wconf 86' lang='lat' dir='ltr'>cesserit,</span> <span class='ocrx_word' id='word_1_76' title='bbox 865 1121 1018 1198; x_wconf 78' lang='lat' dir='ltr'>publicare</span> <span class='ocrx_word' id='word_1_77' title='bbox 1037 1141 1115 1199; x_wconf 89' lang='lat' dir='ltr'>opus</span> 
     </span>
     <span class='ocr_line' id='line_1_12' title="bbox 92 1211 1116 1290; baseline 0.003 -21"><span class='ocrx_word' id='word_1_78' title='bbox 92 1231 152 1270; x_wconf 95' lang='lat' dir='ltr'>non</span> <span class='ocrx_word' id='word_1_79' title='bbox 189 1211 341 1285; x_wconf 80' lang='lat' dir='ltr'>differant,</span> <span class='ocrx_word' id='word_1_80' title='bbox 386 1213 421 1270; x_wconf 90' lang='lat' dir='ltr'>ut</span> <span class='ocrx_word' id='word_1_81' title='bbox 458 1212 585 1288; x_wconf 89' lang='lat' dir='ltr'>denique</span> <span class='ocrx_word' id='word_1_82' title='bbox 622 1212 772 1287; x_wconf 89' lang='lat' dir='ltr'>completa</span> <span class='ocrx_word' id='word_1_83' title='bbox 808 1212 954 1272; x_wconf 79' lang='lat' dir='ltr'>habeatur</span> <span class='ocrx_word' id='word_1_84' title='bbox 989 1212 1116 1290; x_wconf 83' lang='lat' dir='ltr'>Acgidii</span> 
     </span>
     <span class='ocr_line' id='line_1_13' title="bbox 93 1295 1114 1378; baseline 0.001 -19"><span class='ocrx_word' id='word_1_85' title='bbox 93 1319 218 1378; x_wconf 91' lang='lat' dir='ltr'>operum</span> <span class='ocrx_word' id='word_1_86' title='bbox 241 1295 349 1360; x_wconf 87' lang='lat' dir='ltr'>editio&#39;</span> <span class='ocrx_word' id='word_1_87' title='bbox 365 1333 405 1341; x_wconf 91' lang='lat'><em>-</em></span> <span class='ocrx_word' id='word_1_88' title='bbox 425 1300 467 1360; x_wconf 91' lang='lat' dir='ltr'>sic</span> <span class='ocrx_word' id='word_1_89' title='bbox 489 1301 554 1376; x_wconf 90' lang='lat' dir='ltr'>ipse</span> <span class='ocrx_word' id='word_1_90' title='bbox 573 1301 733 1378; x_wconf 89' lang='lat' dir='ltr'>desperans</span> <span class='ocrx_word' id='word_1_91' title='bbox 752 1299 903 1360; x_wconf 80' lang='lat' dir='ltr'>Ghoulant</span> <span class='ocrx_word' id='word_1_92' title='bbox 924 1319 1003 1360; x_wconf 91' lang='lat' dir='ltr'>anno</span> <span class='ocrx_word' id='word_1_93' title='bbox 1027 1302 1114 1360; x_wconf 84' lang='grc'>1826</span> 
     </span>
     <span class='ocr_line' id='line_1_14' title="bbox 94 1381 1114 1470; baseline 0.006 -24"><span class='ocrx_word' id='word_1_94' title='bbox 94 1384 201 1469; x_wconf 87' lang='lat' dir='ltr'>(praef.</span> <span class='ocrx_word' id='word_1_95' title='bbox 222 1411 251 1466; x_wconf 91' lang='lat' dir='ltr'>p.</span> <span class='ocrx_word' id='word_1_96' title='bbox 266 1381 416 1470; x_wconf 88' lang='lat' dir='ltr'><strong>XXXVI).</strong></span> <span class='ocrx_word' id='word_1_97' title='bbox 459 1410 563 1450; x_wconf 87' lang='lat' dir='ltr'>verum</span> <span class='ocrx_word' id='word_1_98' title='bbox 586 1393 656 1467; x_wconf 86' lang='lat' dir='ltr'>post</span> <span class='ocrx_word' id='word_1_99' title='bbox 679 1389 854 1468; x_wconf 74' lang='lat' dir='ltr'>octuaginta</span> <span class='ocrx_word' id='word_1_100' title='bbox 877 1408 970 1450; x_wconf 89' lang='lat' dir='ltr'>annos</span> <span class='ocrx_word' id='word_1_101' title='bbox 995 1390 1114 1467; x_wconf 90' lang='lat' dir='ltr'>elapsos</span> 
     </span>
     <span class='ocr_line' id='line_1_15' title="bbox 93 1478 1115 1557; baseline 0.006 -21"><span class='ocrx_word' id='word_1_102' title='bbox 93 1497 172 1537; x_wconf 91' lang='lat' dir='ltr'>nunc</span> <span class='ocrx_word' id='word_1_103' title='bbox 200 1478 319 1537; x_wconf 87' lang='lat' dir='ltr'>demum</span> <span class='ocrx_word' id='word_1_104' title='bbox 347 1479 489 1557; x_wconf 83' lang='lat' dir='ltr'>contigit,</span> <span class='ocrx_word' id='word_1_105' title='bbox 524 1482 560 1538; x_wconf 88' lang='lat' dir='ltr'>ut</span> <span class='ocrx_word' id='word_1_106' title='bbox 586 1481 643 1538; x_wconf 90' lang='lat' dir='ltr'>tali</span> <span class='ocrx_word' id='word_1_107' title='bbox 670 1483 741 1540; x_wconf 83' lang='lat' dir='ltr'>voto</span> <span class='ocrx_word' id='word_1_108' title='bbox 769 1480 901 1556; x_wconf 89' lang='lat' dir='ltr'>quodam</span> <span class='ocrx_word' id='word_1_109' title='bbox 922 1479 1011 1538; x_wconf 91' lang='lat' dir='ltr'>modo</span> <span class='ocrx_word' id='word_1_110' title='bbox 1039 1482 1115 1541; x_wconf 91' lang='lat' dir='ltr'>satis</span> 
     </span>
     <span class='ocr_line' id='line_1_16' title="bbox 94 1567 1116 1647; baseline 0.001 -18"><span class='ocrx_word' id='word_1_111' title='bbox 94 1567 234 1629; x_wconf 86' lang='lat' dir='ltr'>satisfieri</span> <span class='ocrx_word' id='word_1_112' title='bbox 252 1569 357 1644; x_wconf 91' lang='lat' dir='ltr'>possit.</span> <span class='ocrx_word' id='word_1_113' title='bbox 393 1586 463 1626; x_wconf 88' lang='lat' dir='ltr'>nam</span> <span class='ocrx_word' id='word_1_114' title='bbox 482 1587 541 1627; x_wconf 93' lang='lat' dir='ltr'>non</span> <span class='ocrx_word' id='word_1_115' title='bbox 561 1570 657 1627; x_wconf 90' lang='lat' dir='ltr'>solum</span> <span class='ocrx_word' id='word_1_116' title='bbox 676 1587 731 1647; x_wconf 85' lang='lat' dir='ltr'>ego</span> <span class='ocrx_word' id='word_1_117' title='bbox 749 1587 861 1629; x_wconf 85' lang='lat' dir='ltr'>novum</span> <span class='ocrx_word' id='word_1_118' title='bbox 875 1569 1026 1645; x_wconf 85' lang='lat' dir='ltr'>exemplar</span> <span class='ocrx_word' id='word_1_119' title='bbox 1043 1569 1116 1630; x_wconf 88' lang='lat' dir='ltr'>licet</span> 
     </span>
     <span class='ocr_line' id='line_1_17' title="bbox 95 1656 1116 1734; baseline 0.003 -18"><span class='ocrx_word' id='word_1_120' title='bbox 95 1657 225 1716; x_wconf 88' lang='lat' dir='ltr'>abscisso</span> <span class='ocrx_word' id='word_1_121' title='bbox 255 1658 353 1734; x_wconf 88' lang='lat' dir='ltr'>primo</span> <span class='ocrx_word' id='word_1_122' title='bbox 383 1656 456 1715; x_wconf 89' lang='lat' dir='ltr'>folio</span> <span class='ocrx_word' id='word_1_123' title='bbox 487 1658 573 1734; x_wconf 81' lang='lat' dir='ltr'>quasi</span> <span class='ocrx_word' id='word_1_124' title='bbox 603 1659 701 1734; x_wconf 85' lang='lat' dir='ltr'>capite</span> <span class='ocrx_word' id='word_1_125' title='bbox 729 1661 903 1718; x_wconf 89' lang='lat' dir='ltr'>truncatum</span> <span class='ocrx_word' id='word_1_126' title='bbox 925 1659 1026 1718; x_wconf 88' lang='lat' dir='ltr'>inveni</span> <span class='ocrx_word' id='word_1_127' title='bbox 1049 1660 1116 1734; x_wconf 91' lang='lat' dir='ltr'>ipse</span> 
     </span>
     <span class='ocr_line' id='line_1_18' title="bbox 93 1745 1114 1824; baseline 0.002 -19"><span class='ocrx_word' id='word_1_128' title='bbox 93 1748 173 1805; x_wconf 90' lang='lat' dir='ltr'>inter</span> <span class='ocrx_word' id='word_1_129' title='bbox 191 1745 306 1806; x_wconf 90' lang='lat' dir='ltr'>codices</span> <span class='ocrx_word' id='word_1_130' title='bbox 320 1746 553 1807; x_wconf 87' lang='lat' dir='ltr'>Buxheimeuses</span> <span class='ocrx_word' id='word_1_131' title='bbox 572 1766 608 1805; x_wconf 86' lang='lat' dir='ltr'>ex</span> <span class='ocrx_word' id='word_1_132' title='bbox 624 1748 762 1806; x_wconf 88' lang='lat' dir='ltr'>auctione</span> <span class='ocrx_word' id='word_1_133' title='bbox 776 1748 899 1824; x_wconf 90' lang='lat' dir='ltr'>publica</span> <span class='ocrx_word' id='word_1_134' title='bbox 913 1767 932 1807; x_wconf 98' lang='lat' dir='ltr'>a</span> <span class='ocrx_word' id='word_1_135' title='bbox 945 1766 992 1806; x_wconf 91' lang='lat' dir='ltr'>me</span> <span class='ocrx_word' id='word_1_136' title='bbox 1006 1747 1114 1807; x_wconf 90' lang='lat' dir='ltr'>biblio-</span> 
     </span>
     <span class='ocr_line' id='line_1_19' title="bbox 94 1835 1115 1914; baseline 0.003 -20"><span class='ocrx_word' id='word_1_137' title='bbox 94 1836 196 1895; x_wconf 82' lang='lat' dir='ltr'>thecae</span> <span class='ocrx_word' id='word_1_138' title='bbox 215 1835 317 1914; x_wconf 85' lang='lat' dir='ltr'>regiae</span> <span class='ocrx_word' id='word_1_139' title='bbox 336 1836 503 1895; x_wconf 89' lang='lat' dir='ltr'>Berlinensi</span> <span class='ocrx_word' id='word_1_140' title='bbox 528 1839 716 1913; x_wconf 89' lang='lat' dir='ltr'>comparatos</span> <span class='ocrx_word' id='word_1_141' title='bbox 736 1855 814 1895; x_wconf 89' lang='lat' dir='ltr'>auno</span> <span class='ocrx_word' id='word_1_142' title='bbox 836 1838 932 1911; x_wconf 82' lang='lat'>1883,</span> <span class='ocrx_word' id='word_1_143' title='bbox 951 1836 1002 1895; x_wconf 88' lang='lat' dir='ltr'>sed</span> <span class='ocrx_word' id='word_1_144' title='bbox 1022 1838 1115 1897; x_wconf 88' lang='lat' dir='ltr'>etiarn</span> 
     </span>
     <span class='ocr_line' id='line_1_20' title="bbox 95 1925 1114 2003; baseline 0.005 -20"><span class='ocrx_word' id='word_1_145' title='bbox 95 1926 176 2002; x_wconf 89' lang='lat' dir='ltr'>quod</span> <span class='ocrx_word' id='word_1_146' title='bbox 194 1925 388 1985; x_wconf 84' lang='lat' dir='ltr'>delitescebat</span> <span class='ocrx_word' id='word_1_147' title='bbox 405 1926 545 1985; x_wconf 86' lang='lat' dir='ltr'>volumen</span> <span class='ocrx_word' id='word_1_148' title='bbox 558 1927 635 1985; x_wconf 89' lang='lat' dir='ltr'>illud</span> <span class='ocrx_word' id='word_1_149' title='bbox 649 1927 837 1985; x_wconf 88' lang='lat' dir='ltr'>Murrianum</span> <span class='ocrx_word' id='word_1_150' title='bbox 850 1927 1006 1986; x_wconf 83' lang='lat' dir='ltr'>fortunata</span> <span class='ocrx_word' id='word_1_151' title='bbox 1019 1928 1114 2003; x_wconf 91' lang='lat' dir='ltr'>paulo</span> 
     </span>
     <span class='ocr_line' id='line_1_21' title="bbox 94 2014 1115 2092; baseline 0.001 -18"><span class='ocrx_word' id='word_1_152' title='bbox 94 2017 164 2092; x_wconf 87' lang='lat' dir='ltr'>post</span> <span class='ocrx_word' id='word_1_153' title='bbox 176 2015 332 2075; x_wconf 90' lang='lat' dir='ltr'>Wilhelmi</span> <span class='ocrx_word' id='word_1_154' title='bbox 350 2014 453 2091; x_wconf 87' lang='lat' dir='ltr'>Meyer</span> <span class='ocrx_word' id='word_1_155' title='bbox 472 2015 619 2091; x_wconf 85' lang='lat' dir='ltr'>Spirensis</span> <span class='ocrx_word' id='word_1_156' title='bbox 638 2035 729 2091; x_wconf 91' lang='lat' dir='ltr'>opera</span> <span class='ocrx_word' id='word_1_157' title='bbox 747 2016 909 2075; x_wconf 82' lang='lat' dir='ltr'>resurrexit</span> <span class='ocrx_word' id='word_1_158' title='bbox 927 2033 1005 2074; x_wconf 89' lang='lat' dir='ltr'>anno</span> <span class='ocrx_word' id='word_1_159' title='bbox 1026 2017 1115 2075; x_wconf 87' lang='grc'>1894</span> 
     </span>
     <span class='ocr_line' id='line_1_22' title="bbox 96 2097 1116 2186; baseline 0.003 -25"><span class='ocrx_word' id='word_1_160' title='bbox 96 2099 196 2184; x_wconf 84' lang='lat' dir='ltr'>(Vera.</span> <span class='ocrx_word' id='word_1_161' title='bbox 211 2104 264 2164; x_wconf 92' lang='lat' dir='ltr'>der</span> <span class='ocrx_word' id='word_1_162' title='bbox 286 2103 445 2182; x_wconf 79' lang='lat' dir='ltr'>thtinger</span> <span class='ocrx_word' id='word_1_163' title='bbox 468 2104 536 2165; x_wconf 88' lang='lat' dir='ltr'>Hss.</span> <span class='ocrx_word' id='word_1_164' title='bbox 553 2104 581 2163; x_wconf 83' lang='lat' dir='ltr'>S.</span> <span class='ocrx_word' id='word_1_165' title='bbox 598 2097 691 2186; x_wconf 87' lang='lat'>510),</span> <span class='ocrx_word' id='word_1_166' title='bbox 719 2124 754 2162; x_wconf 85' lang='lat' dir='ltr'>ex</span> <span class='ocrx_word' id='word_1_167' title='bbox 776 2104 914 2180; x_wconf 88' lang='lat' dir='ltr'>reliquiis</span> <span class='ocrx_word' id='word_1_168' title='bbox 937 2103 968 2163; x_wconf 93' lang='lat' dir='ltr'>id</span> <span class='ocrx_word' id='word_1_169' title='bbox 992 2105 1116 2180; x_wconf 91' lang='lat' dir='ltr'>quidem</span> 
     </span>
     <span class='ocr_line' id='line_1_23' title="bbox 95 2186 1114 2276; baseline 0.003 -26"><span class='ocrx_word' id='word_1_170' title='bbox 95 2192 251 2252; x_wconf 91' lang='lat' dir='ltr'>Wilhelmi</span> <span class='ocrx_word' id='word_1_171' title='bbox 259 2193 369 2252; x_wconf 80' lang='lat' dir='ltr'>Mdller</span> <span class='ocrx_word' id='word_1_172' title='bbox 383 2186 573 2274; x_wconf 84' lang='lat' dir='ltr'>(professoris</span> <span class='ocrx_word' id='word_1_173' title='bbox 585 2192 791 2271; x_wconf 83' lang='lat' dir='ltr'>Gottingensis</span> <span class='ocrx_word' id='word_1_174' title='bbox 806 2186 940 2276; x_wconf 82' lang='lat'>†1890)</span> <span class='ocrx_word' id='word_1_175' title='bbox 952 2192 1114 2272; x_wconf 83' lang='lat' dir='ltr'>Gottingae</span> 
     </span>
     <span class='ocr_line' id='line_1_24' title="bbox 96 2280 1116 2359; baseline 0.003 -19"><span class='ocrx_word' id='word_1_176' title='bbox 96 2284 265 2342; x_wconf 84' lang='lat' dir='ltr'>asservatis</span> <span class='ocrx_word' id='word_1_177' title='bbox 315 2280 446 2341; x_wconf 87' lang='lat' dir='ltr'>reddidit</span> <span class='ocrx_word' id='word_1_178' title='bbox 480 2283 536 2342; x_wconf 91' lang='lat' dir='ltr'>hoc</span> <span class='ocrx_word' id='word_1_179' title='bbox 566 2282 651 2342; x_wconf 88' lang='lat' dir='ltr'>nobis</span> <span class='ocrx_word' id='word_1_180' title='bbox 681 2284 804 2342; x_wconf 88' lang='lat' dir='ltr'>initium</span> <span class='ocrx_word' id='word_1_181' title='bbox 831 2283 984 2358; x_wconf 83' lang='lat' dir='ltr'>carminis,</span> <span class='ocrx_word' id='word_1_182' title='bbox 1014 2284 1116 2359; x_wconf 90' lang='lat' dir='ltr'>ipsum</span> 
     </span>
     <span class='ocr_line' id='line_1_25' title="bbox 95 2370 1115 2449; baseline 0.002 -19"><span class='ocrx_word' id='word_1_183' title='bbox 95 2374 196 2430; x_wconf 91' lang='lat' dir='ltr'>tamen</span> <span class='ocrx_word' id='word_1_184' title='bbox 219 2371 392 2446; x_wconf 82' lang='lat' dir='ltr'>imperfecte</span> <span class='ocrx_word' id='word_1_185' title='bbox 411 2370 570 2447; x_wconf 90' lang='lat' dir='ltr'>scriptum,</span> <span class='ocrx_word' id='word_1_186' title='bbox 592 2391 698 2448; x_wconf 88' lang='lat' dir='ltr'>nempe</span> <span class='ocrx_word' id='word_1_187' title='bbox 718 2373 813 2432; x_wconf 88' lang='lat' dir='ltr'>altera</span> <span class='ocrx_word' id='word_1_188' title='bbox 830 2374 897 2431; x_wconf 87' lang='lat' dir='ltr'>tota</span> <span class='ocrx_word' id='word_1_189' title='bbox 916 2375 1002 2449; x_wconf 86' lang='lat' dir='ltr'>parte</span> <span class='ocrx_word' id='word_1_190' title='bbox 1021 2374 1115 2449; x_wconf 88' lang='lat' dir='ltr'>scrip·</span> 
     </span>
     <span class='ocr_line' id='line_1_26' title="bbox 95 2460 1114 2538; baseline 0.003 -19"><span class='ocrx_word' id='word_1_191' title='bbox 95 2460 169 2519; x_wconf 87' lang='lat' dir='ltr'>toris</span> <span class='ocrx_word' id='word_1_192' title='bbox 192 2460 293 2519; x_wconf 87' lang='lat' dir='ltr'>taedio</span> <span class='ocrx_word' id='word_1_193' title='bbox 316 2460 467 2537; x_wconf 89' lang='lat' dir='ltr'>privatum</span> <span class='ocrx_word' id='word_1_194' title='bbox 491 2463 632 2538; x_wconf 88' lang='lat' dir='ltr'>apparuit</span> <span class='ocrx_word' id='word_1_195' title='bbox 656 2461 765 2521; x_wconf 89' lang='lat' dir='ltr'>collato</span> <span class='ocrx_word' id='word_1_196' title='bbox 788 2464 873 2520; x_wconf 86' lang='lat' dir='ltr'>textu</span> <span class='ocrx_word' id='word_1_197' title='bbox 891 2462 1114 2538; x_wconf 86' lang='lat' dir='ltr'>Buxheimensi,</span> 
     </span>
     <span class='ocr_line' id='line_1_27' title="bbox 98 2548 1114 2627; baseline 0.002 -19"><span class='ocrx_word' id='word_1_198' title='bbox 98 2550 181 2608; x_wconf 89' lang='lat' dir='ltr'>cuius</span> <span class='ocrx_word' id='word_1_199' title='bbox 204 2548 327 2626; x_wconf 89' lang='lat' dir='ltr'>insuper</span> <span class='ocrx_word' id='word_1_200' title='bbox 350 2551 481 2609; x_wconf 86' lang='lat' dir='ltr'>extrema</span> <span class='ocrx_word' id='word_1_201' title='bbox 498 2550 649 2626; x_wconf 91' lang='lat' dir='ltr'>particula</span> <span class='ocrx_word' id='word_1_202' title='bbox 667 2570 735 2610; x_wconf 91' lang='lat' dir='ltr'>cum</span> <span class='ocrx_word' id='word_1_203' title='bbox 754 2551 890 2610; x_wconf 85' lang='lat' dir='ltr'>clausula</span> <span class='ocrx_word' id='word_1_204' title='bbox 908 2554 1016 2627; x_wconf 88' lang='lat' dir='ltr'>poetae</span> <span class='ocrx_word' id='word_1_205' title='bbox 1035 2570 1114 2612; x_wconf 91' lang='lat' dir='ltr'>seor-</span> 
     </span>
     <span class='ocr_line' id='line_1_28' title="bbox 97 2635 1115 2717; baseline 0.003 -20"><span class='ocrx_word' id='word_1_206' title='bbox 97 2657 163 2697; x_wconf 91' lang='lat' dir='ltr'>sum</span> <span class='ocrx_word' id='word_1_207' title='bbox 177 2638 290 2714; x_wconf 89' lang='lat' dir='ltr'>scripta</span> <span class='ocrx_word' id='word_1_208' title='bbox 303 2640 335 2697; x_wconf 95' lang='lat' dir='ltr'>in</span> <span class='ocrx_word' id='word_1_209' title='bbox 345 2658 422 2699; x_wconf 90' lang='lat' dir='ltr'>novo</span> <span class='ocrx_word' id='word_1_210' title='bbox 433 2639 506 2699; x_wconf 86' lang='lat' dir='ltr'>folio</span> <span class='ocrx_word' id='word_1_211' title='bbox 517 2639 679 2715; x_wconf 92' lang='lat' dir='ltr'>additaque</span> <span class='ocrx_word' id='word_1_212' title='bbox 690 2659 768 2706; x_wconf 79' lang='lat' dir='ltr'>nova</span> <span class='ocrx_word' id='word_1_213' title='bbox 777 2639 898 2699; x_wconf 89' lang='lat' dir='ltr'>rubrica</span> <span class='ocrx_word' id='word_1_214' title='bbox 908 2635 1064 2717; x_wconf 73' lang='lat' dir='ltr'>‘Incipit</span> <span class='ocrx_word' id='word_1_215' title='bbox 1074 2641 1115 2700; x_wconf 94' lang='lat' dir='ltr'>de</span> 
     </span>
     <span class='ocr_line' id='line_1_29' title="bbox 96 2722 1116 2808; baseline 0.004 -22"><span class='ocrx_word' id='word_1_216' title='bbox 96 2722 276 2787; x_wconf 91' lang='lat' dir='ltr'>febribus&#39;</span> <span class='ocrx_word' id='word_1_217' title='bbox 297 2728 485 2788; x_wconf 89' lang='lat' dir='ltr'>confirmavit</span> <span class='ocrx_word' id='word_1_218' title='bbox 501 2730 661 2805; x_wconf 90' lang='lat' dir='ltr'>repetendo</span> <span class='ocrx_word' id='word_1_219' title='bbox 681 2730 884 2807; x_wconf 82' lang='lat' dir='ltr'>fragmentum</span> <span class='ocrx_word' id='word_1_220' title='bbox 902 2729 1116 2808; x_wconf 81' lang='lat' dir='ltr'>Egidii,·quod</span> 
     </span>
     <span class='ocr_line' id='line_1_30' title="bbox 95 2811 1114 2900; baseline 0.002 -24"><span class='ocrx_word' id='word_1_221' title='bbox 95 2819 128 2876; x_wconf 94' lang='lat' dir='ltr'>in</span> <span class='ocrx_word' id='word_1_222' title='bbox 138 2817 237 2876; x_wconf 90' lang='lat' dir='ltr'>codice</span> <span class='ocrx_word' id='word_1_223' title='bbox 248 2816 379 2892; x_wconf 91' lang='lat' dir='ltr'>quodam</span> <span class='ocrx_word' id='word_1_224' title='bbox 390 2815 551 2878; x_wconf 83' lang='lat' dir='ltr'>Oxoniensi</span> <span class='ocrx_word' id='word_1_225' title='bbox 561 2812 647 2900; x_wconf 90' lang='lat' dir='ltr'>(olim</span> <span class='ocrx_word' id='word_1_226' title='bbox 658 2811 1005 2900; x_wconf 77' lang='lat' dir='ltr'>CanoniciVeneto)ase</span> <span class='ocrx_word' id='word_1_227' title='bbox 1015 2839 1114 2897; x_wconf 88' lang='lat' dir='ltr'>reper-</span> 
     </span>
     <span class='ocr_line' id='line_1_31' title="bbox 97 2900 1115 2988; baseline 0.003 -22"><span class='ocrx_word' id='word_1_228' title='bbox 97 2909 162 2966; x_wconf 89' lang='lat' dir='ltr'>tum</span> <span class='ocrx_word' id='word_1_229' title='bbox 181 2900 274 2988; x_wconf 85' lang='lat' dir='ltr'>(Hiet.</span> <span class='ocrx_word' id='word_1_230' title='bbox 289 2907 347 2966; x_wconf 93' lang='lat' dir='ltr'>litt.</span> <span class='ocrx_word' id='word_1_231' title='bbox 364 2907 400 2966; x_wconf 93' lang='lat' dir='ltr'>de</span> <span class='ocrx_word' id='word_1_232' title='bbox 418 2907 449 2966; x_wconf 91' lang='lat' dir='ltr'>la</span> <span class='ocrx_word' id='word_1_233' title='bbox 468 2908 581 2967; x_wconf 84' lang='lat' dir='ltr'>Franco</span> <span class='ocrx_word' id='word_1_234' title='bbox 595 2908 667 2967; x_wconf 94' lang='lat' dir='ltr'>XXI</span> <span class='ocrx_word' id='word_1_235' title='bbox 688 2909 772 2967; x_wconf 89' lang='grc'>1847</span> <span class='ocrx_word' id='word_1_236' title='bbox 788 2929 817 2985; x_wconf 92' lang='lat' dir='ltr'>p.</span> <span class='ocrx_word' id='word_1_237' title='bbox 829 2900 1021 2988; x_wconf 76' lang='lat'>840-842)</span> <span class='ocrx_word' id='word_1_238' title='bbox 1036 2927 1115 2969; x_wconf 89' lang='lat' dir='ltr'>anno</span> 
     </span>
     <span class='ocr_line' id='line_1_32' title="bbox 100 2992 1115 3076; baseline 0.003 -23"><span class='ocrx_word' id='word_1_239' title='bbox 100 2996 185 3055; x_wconf 87' lang='lat'>1853</span> <span class='ocrx_word' id='word_1_240' title='bbox 202 2993 336 3055; x_wconf 91' lang='lat' dir='ltr'>ediderat</span> <span class='ocrx_word' id='word_1_241' title='bbox 344 2994 467 3056; x_wconf 77' lang='lat' dir='ltr'>Carolus</span> <span class='ocrx_word' id='word_1_242' title='bbox 476 2997 660 3076; x_wconf 82' lang='lat' dir='ltr'>Daremberg</span> <span class='ocrx_word' id='word_1_243' title='bbox 673 2998 851 3073; x_wconf 90' lang='lat' dir='ltr'>inscriptum</span> <span class='ocrx_word' id='word_1_244' title='bbox 864 2992 973 3075; x_wconf 71' lang='lat' dir='ltr'>‘Signa</span> <span class='ocrx_word' id='word_1_245' title='bbox 987 3000 1018 3056; x_wconf 91' lang='lat' dir='ltr'>et</span> <span class='ocrx_word' id='word_1_246' title='bbox 1027 3017 1115 3058; x_wconf 86' lang='lat' dir='ltr'>cause</span> 
     </span>
     <span class='ocr_line' id='line_1_33' title="bbox 97 3077 1114 3167; baseline 0.003 -24"><span class='ocrx_word' id='word_1_247' title='bbox 97 3084 225 3143; x_wconf 86' lang='lat' dir='ltr'>febrium</span> <span class='ocrx_word' id='word_1_248' title='bbox 235 3079 340 3162; x_wconf 82' lang='lat' dir='ltr'>egidii’</span> <span class='ocrx_word' id='word_1_249' title='bbox 350 3077 434 3165; x_wconf 90' lang='lat' dir='ltr'>(Not.</span> <span class='ocrx_word' id='word_1_250' title='bbox 445 3088 475 3146; x_wconf 89' lang='lat' dir='ltr'>et</span> <span class='ocrx_word' id='word_1_251' title='bbox 485 3088 557 3146; x_wconf 85' lang='lat' dir='ltr'>extr.</span> <span class='ocrx_word' id='word_1_252' title='bbox 568 3086 619 3147; x_wconf 91' lang='lat' dir='ltr'>des</span> <span class='ocrx_word' id='word_1_253' title='bbox 628 3105 697 3147; x_wconf 89' lang='lat' dir='ltr'>mss.</span> <span class='ocrx_word' id='word_1_254' title='bbox 708 3082 864 3146; x_wconf 75' lang='lat' dir='ltr'>medicaux</span> <span class='ocrx_word' id='word_1_255' title='bbox 872 3107 901 3163; x_wconf 90' lang='lat' dir='ltr'>p.</span> <span class='ocrx_word' id='word_1_256' title='bbox 915 3080 1114 3167; x_wconf 85' lang='grc'>173-197).</span> 
     </span>
     <span class='ocr_line' id='line_1_34' title="bbox 97 3169 1115 3256; baseline 0.004 -25"><span class='ocrx_word' id='word_1_257' title='bbox 97 3175 221 3250; x_wconf 89' lang='lat' dir='ltr'>insuper</span> <span class='ocrx_word' id='word_1_258' title='bbox 243 3173 347 3234; x_wconf 89' lang='lat' dir='ltr'>eodem</span> <span class='ocrx_word' id='word_1_259' title='bbox 370 3175 431 3234; x_wconf 88' lang='lat' dir='ltr'>fere</span> <span class='ocrx_word' id='word_1_260' title='bbox 450 3178 583 3252; x_wconf 92' lang='lat' dir='ltr'>tempore</span> <span class='ocrx_word' id='word_1_261' title='bbox 603 3173 644 3252; x_wconf 87' lang='lat' dir='ltr'>(a.</span> <span class='ocrx_word' id='word_1_262' title='bbox 665 3169 765 3256; x_wconf 83' lang='lat'>1855)</span> <span class='ocrx_word' id='word_1_263' title='bbox 785 3176 940 3236; x_wconf 81' lang='lat' dir='ltr'>Erfordiae</span> <span class='ocrx_word' id='word_1_264' title='bbox 958 3176 990 3235; x_wconf 92' lang='lat' dir='ltr'>iu</span> <span class='ocrx_word' id='word_1_265' title='bbox 1008 3176 1115 3235; x_wconf 93' lang='lat' dir='ltr'>biblio·</span> 
     </span>
     <span class='ocr_line' id='line_1_35' title="bbox 97 3254 1116 3346; baseline 0.004 -24"><span class='ocrx_word' id='word_1_266' title='bbox 97 3263 185 3322; x_wconf 91' lang='lat' dir='ltr'>theca</span> <span class='ocrx_word' id='word_1_267' title='bbox 203 3263 357 3341; x_wconf 88' lang='lat' dir='ltr'>Amplouii</span> <span class='ocrx_word' id='word_1_268' title='bbox 376 3254 638 3346; x_wconf 69' lang='lat' dir='ltr'>(†1434s1435),</span> <span class='ocrx_word' id='word_1_269' title='bbox 658 3266 720 3325; x_wconf 89' lang='lat' dir='ltr'>scil.</span> <span class='ocrx_word' id='word_1_270' title='bbox 734 3266 766 3324; x_wconf 93' lang='lat' dir='ltr'>in</span> <span class='ocrx_word' id='word_1_271' title='bbox 785 3265 910 3325; x_wconf 89' lang='lat' dir='ltr'>codfol.</span> <span class='ocrx_word' id='word_1_272' title='bbox 922 3266 985 3324; x_wconf 83' lang='lat'>236</span> <span class='ocrx_word' id='word_1_273' title='bbox 1006 3259 1116 3344; x_wconf 88' lang='lat' dir='ltr'>(chart.</span> 
     </span>
    </p>
   </div>
   <div class='ocr_carea' id='block_1_3' title="bbox 98 3344 1118 3616">
    <p class='ocr_par' dir='ltr' id='par_1_4' title="bbox 98 3344 1118 3616">
     <span class='ocr_line' id='line_1_36' title="bbox 98 3344 1118 3435; baseline 0.003 -25"><span class='ocrx_word' id='word_1_274' title='bbox 98 3344 218 3410; x_wconf 78' lang='lat' dir='ltr'><strong>sXIV²</strong></span> <span class='ocrx_word' id='word_1_275' title='bbox 232 3354 262 3412; x_wconf 94' lang='lat' dir='ltr'>et</span> <span class='ocrx_word' id='word_1_276' title='bbox 276 3353 370 3413; x_wconf 90' lang='lat' dir='ltr'>studii</span> <span class='ocrx_word' id='word_1_277' title='bbox 383 3348 566 3435; x_wconf 63' lang='lat' dir='ltr'>hagensis),</span> <span class='ocrx_word' id='word_1_278' title='bbox 581 3374 693 3415; x_wconf 84' lang='lat' dir='ltr'>novum</span> <span class='ocrx_word' id='word_1_279' title='bbox 708 3375 762 3434; x_wconf 81' lang='lat' dir='ltr'>ego</span> <span class='ocrx_word' id='word_1_280' title='bbox 777 3374 966 3430; x_wconf 90' lang='lat' dir='ltr'>reppereram</span> <span class='ocrx_word' id='word_1_281' title='bbox 980 3354 1118 3414; x_wconf 90' lang='lat' dir='ltr'>libellum</span> 
     </span>
     <span class='ocr_line' id='line_1_37' title="bbox 98 3435 1116 3524; baseline 0.005 -25"><span class='ocrx_word' id='word_1_282' title='bbox 98 3440 281 3519; x_wconf 81' lang='lat' dir='ltr'>Egidianum</span> <span class='ocrx_word' id='word_1_283' title='bbox 300 3435 429 3523; x_wconf 72' lang='lat' dir='ltr'>(³Metra</span> <span class='ocrx_word' id='word_1_284' title='bbox 442 3442 544 3522; x_wconf 77' lang='lat' dir='ltr'>Egidii</span> <span class='ocrx_word' id='word_1_285' title='bbox 562 3444 598 3503; x_wconf 91' lang='lat' dir='ltr'>de</span> <span class='ocrx_word' id='word_1_286' title='bbox 616 3437 869 3524; x_wconf 85' lang='lat' dir='ltr'>physonomiis&#39;),</span> <span class='ocrx_word' id='word_1_287' title='bbox 889 3445 940 3521; x_wconf 92' lang='lat' dir='ltr'>qui</span> <span class='ocrx_word' id='word_1_288' title='bbox 959 3463 990 3504; x_wconf 93' lang='lat' dir='ltr'>se</span> <span class='ocrx_word' id='word_1_289' title='bbox 1009 3439 1116 3521; x_wconf 77' lang='lat' dir='ltr'>‘quar-</span> 
     </span>
     <span class='ocr_line' id='line_1_38' title="bbox 98 3525 1116 3616; baseline 0.003 -26"><span class='ocrx_word' id='word_1_290' title='bbox 98 3525 181 3590; x_wconf 82' lang='lat' dir='ltr'>tum’</span> <span class='ocrx_word' id='word_1_291' title='bbox 199 3530 231 3589; x_wconf 88' lang='lat' dir='ltr'>in</span> <span class='ocrx_word' id='word_1_292' title='bbox 245 3532 370 3611; x_wconf 85' lang='lat' dir='ltr'>prologo</span> <span class='ocrx_word' id='word_1_293' title='bbox 385 3532 448 3609; x_wconf 91' lang='lat' dir='ltr'>ipse</span> <span class='ocrx_word' id='word_1_294' title='bbox 462 3533 577 3593; x_wconf 88' lang='lat' dir='ltr'>fatetur</span> <span class='ocrx_word' id='word_1_295' title='bbox 591 3534 626 3593; x_wconf 93' lang='lat' dir='ltr'>de</span> <span class='ocrx_word' id='word_1_296' title='bbox 641 3535 735 3612; x_wconf 83' lang='lat' dir='ltr'>signis</span> <span class='ocrx_word' id='word_1_297' title='bbox 750 3553 867 3593; x_wconf 90' lang='lat' dir='ltr'>morum</span> <span class='ocrx_word' id='word_1_298' title='bbox 882 3527 927 3614; x_wconf 92' lang='lat' dir='ltr'>(et</span> <span class='ocrx_word' id='word_1_299' title='bbox 941 3526 1116 3616; x_wconf 88' lang='lat' dir='ltr'>affectuum)</span> 
     </span>
    </p>
   </div>
   <div class='ocr_carea' id='block_1_4' title="bbox 0 0 1221 3998">
    <p class='ocr_par' dir='ltr' id='par_1_5' title="bbox 0 0 1221 3998">
     <span class='ocr_line' id='line_1_39' title="bbox 0 0 1221 3998; baseline 0 0"><span class='ocrx_word' id='word_1_300' title='bbox 0 0 1221 3998; x_wconf 95' lang='lat' dir='ltr'> </span> 
     </span>
    </p>
   </div>
  </div>
 </body>
</html>
