2422 3998
485 183 655 239 VIATICUS

57 335 222 412 gingivae,
245 335 321 394 cutis
345 353 465 411 aspera,
487 335 611 410 pustula
634 335 710 394 dura
733 337 841 397 coloris

58 423 180 497 citrini,
204 442 291 483 nares
314 426 497 498 contractae,
521 427 626 502 gustus
650 444 783 499 amarus,

57 531 153 590 parce
176 512 311 572 membra
333 516 464 588 tument,
487 516 576 573 urina
599 513 696 573 colore
719 514 837 574 ruboris

59 603 185 662 aemula
207 621 268 661 non
290 603 425 680 pinguis,
448 601 618 663 contractos
642 607 769 679 occupat
792 607 875 664 artus

59 710 216 768 spasmus,
239 691 346 751 fissura
369 693 522 752 iuncturas
546 693 680 767 separat,
704 696 770 752 arto

59 799 163 858 pauca
186 779 340 855 (nimici)
364 786 489 857 sputans
513 780 605 840 tussis
628 783 750 841 thorace
773 783 926 857 molestat,

59 869 223 930 instabiles
246 873 330 929 artus
352 873 466 930 tremor
488 870 592 943 efficit,
616 873 647 930 et
669 873 742 947 quia
764 872 867 930 tundit

61 959 194 1019 ariditas
216 959 283 1020 sitis
307 977 339 1019 os
364 960 469 1034 siccat,
493 961 607 1019 furiosa
630 961 770 1020 voluntas

60 1051 94 1108 in
118 1066 260 1108 venerem
282 1049 387 1108 fertur.
434 1048 553 1124 Species
578 1050 613 1107 de
636 1049 775 1128 flegmate
799 1049 901 1125 prodit

61 1137 157 1198 tertia
181 1156 272 1214 quam
295 1141 398 1215 tyrus
423 1137 605 1197 denominat.
650 1139 727 1197 hanc
750 1140 946 1204 manifestant

60 1228 166 1306 pallor
189 1229 220 1286 et
242 1227 375 1287 albentes
398 1228 544 1286 maculae.
590 1246 657 1285 cum
681 1229 820 1303 squalida
843 1229 953 1304 scalpit

60 1316 201 1376 membra
223 1335 342 1391 manus,
366 1335 506 1392 squamas
530 1316 614 1376 albas
638 1316 676 1376 ad
700 1317 824 1376 furfuris
847 1318 944 1377 instar

61 1405 192 1466 devellit
213 1405 335 1483 digitus.
381 1409 452 1466 sunt
473 1407 645 1484 ingrossata
668 1409 784 1465 tumore

59 1495 214 1569 membra,
237 1514 307 1554 caro
330 1495 444 1569 mollis,
468 1497 622 1555 saniosum
644 1497 767 1572 pustula
790 1495 904 1554 fluxum

61 1585 173 1652 efficit,
197 1584 298 1643 educit
320 1585 494 1660 sputamina
516 1584 647 1660 plurima
669 1587 775 1659 tussia

60 1674 216 1752 plurimus
238 1675 393 1733 humectat
416 1675 518 1734 oculos
541 1674 628 1748 fluor,
653 1674 722 1733 alba
745 1675 880 1734 recondit

60 1768 95 1824 in
120 1761 249 1821 fundum
273 1761 424 1840 quandam
448 1762 562 1821 saniem
586 1783 663 1840 qnae
686 1763 791 1822 turbat
813 1764 936 1822 eandem

62 1854 135 1913 faex
160 1854 265 1928 epatis.
311 1871 380 1910 cum
404 1852 572 1911 detrahitur
594 1852 650 1910 tibi
674 1854 796 1929 sanguis
820 1871 952 1927 aquosus

63 1946 95 2002 et
120 1940 245 2016 crudus,
268 1941 356 2018 fugat
379 1941 562 2018 ambiguum.
608 1944 706 2001 minus
730 1941 825 2000 officit
848 1944 960 2015 aestas

63 2031 228 2107 acceptans
252 2048 343 2107 sapor
363 2030 525 2106 insipidus,
549 2049 604 2089 sua
627 2031 728 2089 debita
751 2030 850 2089 reddit

64 2140 120 2181 nec
144 2119 249 2178 tardat
270 2118 379 2178 fluidus
403 2121 515 2180 venter.
561 2120 656 2198 Niger
678 2120 771 2178 efficit
794 2121 901 2178 humor

63 2212 171 2286 leprae
194 2208 364 2285 postremae
388 2210 529 2286 speciem,
548 2209 597 2267 cui
619 2208 748 2268 nominis
771 2227 860 2267 usum

64 2297 211 2360 attribuit
232 2298 383 2356 mediante
406 2301 493 2374 tropo
517 2301 565 2356 cui
587 2299 695 2358 robora
719 2299 819 2356 firmat

64 2388 143 2448 ossis
168 2388 295 2447 durities
319 2388 473 2463 elephas.
519 2388 593 2446 haec
616 2390 703 2466 signa
726 2388 875 2446 notabunt

143 2553 211 2603 1882
231 2566 258 2618 g.
274 2566 297 2601 c.
313 2564 338 2602 a.
353 2548 509 2616 postudara
524 2550 583 2616 (sic)
599 2549 704 2602 colores
721 2550 725 2616 l
742 2547 838 2602 citrini
853 2550 868 2602 b
884 2550 924 2616 (ia
942 2565 1027 2619 muro.
1047 2550 1089 2616 ψ)

61 2621 102 2689 cf.
119 2639 146 2676 0.
163 2623 240 2675 1906.
279 2620 352 2674 Plai.
377 2621 417 2674 cd.
443 2620 515 2673 cutis
541 2623 724 2688 exasperatur
753 2622 782 2673 et
809 2621 950 2687 rumpitur
979 2619 988 2690 Η
1019 2624 1089 2673 1888

61 2699 102 2748 cr‘1
125 2692 219 2745 tracte
242 2692 258 2745 b
281 2690 290 2762 Η
314 2695 383 2744 1888
408 2692 566 2745 contractos
591 2694 652 2759 (-t9)
672 2693 687 2745 b
711 2691 720 2762 tt
745 2696 814 2745 1886
837 2692 911 2744 arto:
937 2692 1000 2744 artu
1022 2691 1037 2744 b
1058 2693 1090 2743 in

60 2770 196 2832 mare-1·
211 2763 235 2817 b.
263 2763 298 2829 cf.
313 2764 355 2816 10.
369 2762 470 2815 fissura
489 2779 623 2815 manuum
643 2764 671 2816 et
689 2762 793 2829 pedum
814 2764 857 2830 (011
871 2762 973 2830 Ucasi.)
990 2761 1000 2832 Η
1020 2766 1088 2814 1887

60 2849 163 2906 pauca
190 2838 273 2901 spuis
300 2834 386 2887 tussis
409 2834 525 2887 thorace
548 2833 680 2888 molestat
706 2835 755 2902 (sie
778 2834 841 2902 def.)
865 2834 889 2887 t.
931 2833 966 2900 cs.
990 2836 1089 2900 pectus

61 2941 176 2996 siecum
196 2940 286 2994 0010,
310 2939 319 3011 p
344 2945 412 2993 1ssa
431 2917 490 2994 eho
510 2941 598 2994 efficis
616 2941 631 2993 0
648 2941 651 3010 s
668 2941 697 2994 es
716 2941 762 3008 (sp
783 2957 813 2993 os
833 2941 848 2993 o
866 2939 875 3012 p
900 2943 969 2992 raso
987 2939 1088 2992 fertur:

61 3013 141 3066 furti
168 3012 184 3065 b
216 3011 226 3083 t}
258 3015 326 3064 1891
355 3011 431 3079 tyria
460 3013 546 3081 (tiria)
575 3012 649 3067 Plat.
683 3010 798 3080 (dicitur
830 3027 847 3063 a
877 3011 932 3064 tiro
960 3012 1089 3079 serpente

62 3083 209 3152 Oopaonis
227 3099 271 3151 pr.
288 3083 317 3137 0.
333 3083 360 3136 S.
375 3084 430 3148 JV,
444 3087 515 3152 502).
553 3085 589 3149 ef.
609 3085 680 3137 Vtar.
696 3087 719 3148 7,
732 3087 767 3136 17
791 3082 836 3148 (de
859 3084 948 3151 lepre)
972 3089 997 3136 et
1015 3087 1090 3147 7,10

62 3157 116 3224 (de
139 3170 232 3209 morsu
249 3156 306 3223 tyri
329 3157 483 3222 serpentis).
521 3155 556 3220 cf.
571 3156 653 3209 etiam
672 3155 723 3208 De
741 3154 833 3222 Oaupe
855 3170 876 3207 s.
893 3155 964 3206 tirus
987 3153 996 3224 Η
1021 3157 1088 3205 1891

62 3261 176 3333 pallor:
195 3263 293 3329 passos
312 3262 371 3328 (aa)
388 3263 392 3328 ι
409 3260 575 3328 supersessa
593 3262 608 3314 0
629 3260 638 3333 p
663 3265 732 3314 issa
751 3260 852 3314 fluxeb
871 3239 1060 3329 (81111110)
1081 3258 1091 3331 p
1125 3341 1128 3345 1

66 3373 141 3425 1899
160 3366 241 3436 pl'im
261 3362 443 3436 (plurimums)
463 3368 478 3420 b
503 3366 512 3439 Η
537 3372 606 3421 1898
625 3352 683 3434 ddi
703 3367 865 3436 (quandam)
885 3366 978 3420 sanies
996 3371 1016 3434 (ἶ
1034 3367 1054 3418 t.
1075 3366 1090 3418 b

66 3485 117 3556 (ef.
137 3501 161 3539 v.
175 3486 258 3617 2035)
284 3483 294 3555 41
320 3487 389 3536 reoo
410 3483 511 3536 officis:
536 3469 610 3537 <sset
632 3485 648 3538 0
675 3484 685 3555 p
711 3454 982 3551 1904011ιὶ081)
1003 3483 1026 3535 0.
1059 3483 1091 3535 sn

65 3573 158 3627 muro.
