2422 3998
483 213 651 269 VIATICUS

56 366 233 441 inpetuosa,
257 365 349 442 plaga
371 367 502 435 torrem,
524 363 623 442 ignita
646 364 760 440 diaeta,

10 471 37 513 os
58 472 148 514 sexus
172 472 277 532 agene,
300 456 424 530 portans
448 454 563 513 colerae
587 454 752 530 complexio
777 454 872 532 signa.

58 543 190 620 septima
213 543 315 602 crebro
339 543 417 602 solet
438 544 510 603 huic
532 543 600 602 finis
623 547 760 619 tempora
783 544 861 603 febri

59 633 226 692 accelerare
251 632 313 691 dies
338 635 368 691 et
391 632 517 692 creticus
542 633 624 692 ocius
648 634 744 692 instat

58 722 207 782 terminus
233 721 390 782 absolvens
414 741 549 800 aegrum,
572 723 621 782 vel
644 723 775 798 dampna
797 722 940 780 minando

58 814 190 871 naturae
212 813 318 870 mortis
341 813 485 871 venturae
508 811 660 887 praedicat
682 812 796 870 horam.

10 921 40 961 uo
136 898 309 959 Continui
331 901 436 960 tritei
458 903 637 961 renovatum
659 902 756 960 maius
782 919 906 960 acumen

59 991 155 1050 tertia
176 990 229 1048 lux
251 992 396 1049 renovata
418 989 500 1050 facit.
537 990 696 1049 discrimen
719 992 751 1047 in
774 990 855 1049 horis

61 1081 194 1157 augetur
216 1079 345 1153 colerae,
368 1078 414 1138 bis
438 1097 525 1138 aenas
549 1098 666 1138 summa
689 1099 743 1155 per
765 1080 853 1138 horas

60 1169 165 1246 passio
189 1169 346 1227 continuat
368 1186 477 1244 penam
500 1168 686 1244 totidemque
708 1169 838 1228 remittit

59 1260 183 1334 parcius
207 1256 353 1335 affligens.
390 1259 479 1316 urina
501 1259 609 1318 rubore
633 1257 747 1317 relucet

10 1365 39 1406 rs
61 1346 243 1421 consimilis,
266 1348 365 1406 tenuis
388 1346 578 1407 mediocriter
602 1350 693 1422 atque
717 1365 842 1421 superne

62 1437 223 1495 obscuram
245 1437 377 1495 retinens
400 1437 516 1495 faciem.
554 1455 621 1495 cum
645 1454 773 1495 causone
796 1435 908 1495 febrem

60 1525 242 1586 concordem
265 1525 381 1585 faciunt
403 1526 481 1586 hano
505 1529 604 1586 cetera
626 1524 728 1603 signa,
751 1524 802 1584 sed
824 1525 880 1584 illa

60 1615 162 1675 acrius
186 1614 325 1688 infestat,
348 1614 446 1675 minus
470 1616 547 1675 hanc
570 1615 732 1674 comitatur
755 1633 889 1673 acumen.

137 1702 267 1762 Lentum
289 1705 482 1763 continuat
504 1704 596 1763 febris
620 1706 801 1780 quartana
824 1704 966 1776 calorem,

10 1813 38 1852 ro
62 1812 135 1852 oum
156 1793 242 1871 niger
265 1794 297 1851 in
319 1792 400 1853 vasis
424 1796 597 1869 putrescens
622 1792 773 1853 clauditur
795 1793 915 1866 humor,

60 1883 201 1958 horaque
224 1901 396 1958 supremum
419 1882 472 1942 dat
494 1883 541 1942 bis
565 1882 704 1942 duodena
729 1882 875 1954 laborem,

62 1973 95 2030 et
119 1972 216 2030 morbi
239 1990 380 2033 numerus
403 1972 514 2030 minuit
536 1970 707 2050 geminatus
731 1990 855 2030 acumen

62 2062 210 2120 horarum
232 2061 311 2120 falsa
333 2062 448 2136 requie,
472 2060 544 2119 dum
567 2061 701 2119 membra
723 2061 881 2119 resumunt

63 2150 223 2223 virtutem,
247 2153 414 2226 quartoque
438 2149 485 2208 die
508 2150 657 2211 revolutio
680 2149 779 2208 morbi

10 2255 40 2297 ae
63 2257 160 2317 penas
183 2242 366 2317 augmentat.
404 2239 544 2298 tardatur
566 2241 661 2299 motio
684 2239 805 2315 pulsum

64 2408 235 2462 naturaliter
250 2408 343 2463 calida
357 2411 385 2462 et
399 2409 475 2464 aicca
490 2411 541 2476 est,
556 2412 585 2463 et
599 2411 721 2463 maxime
736 2409 766 2463 in
780 2407 868 2462 estivo
882 2410 1009 2477 tempore
1023 2448 1028 2458 .
1040 2447 1063 2460 ..
1078 2405 1088 2479 ΗΗ

64 2484 137 2534 2205
161 2482 257 2548 portes
281 2482 296 2534 0
321 2480 331 2552 ΗΗ
356 2485 426 2534 2200
450 2481 570 2549 septimo
594 2481 613 2534 d
632 2484 705 2550 (ma
724 2482 750 2549 0)
770 2481 804 2547 cf.
819 2498 843 2535 o.
853 2483 926 2535 2270
949 2482 953 2548 Ι
977 2477 1087 2533 crebro:

65 2553 128 2622 (etc)
152 2552 187 2606 bd
208 2554 212 2620 Ι
232 2553 327 2619 tipora
351 2553 390 2621 01
412 2551 485 2606 febri
508 2553 538 2606 d:
563 2552 618 2605 filie
641 2554 701 2621 (sic)
724 2553 740 2606 0
765 2551 775 2624 Η
801 2555 869 2604 2207
892 2550 1089 2604 acceleratad

65 2661 147 2729 (corr.
166 2659 239 2713 Dar.
253 2685 280 2704 =
294 2660 320 2728 b)
342 2661 346 2726 Η
367 2659 445 2712 ocius
463 2660 495 2713 d:
520 2636 596 2714 obius
621 2660 636 2713 0
659 2658 669 2730 ΗΗ
692 2663 762 2711 2208
780 2657 825 2712 vel
849 2647 1089 2725 mirando-(nume-

65 2764 168 2834 rando)
184 2746 240 2834 lille
260 2767 284 2832 0,
303 2765 348 2819 vel
367 2765 471 2818 damna
490 2766 615 2819 minatur
631 2767 634 2831 Ι
651 2767 761 2819 mature
780 2765 799 2818 d

141 2842 211 2891 2210
229 2838 304 2892 rubr.
324 2836 366 2891 De
384 2837 511 2891 terciana
530 2837 664 2891 continua
683 2839 698 2890 b
716 2838 720 2904 Η
737 2837 901 2890 renovatum
920 2835 951 2888 d:
972 2836 1090 2888 renovat

65 2909 92 2962 si
111 2909 127 2962 0
146 2907 156 2979 ΗΗ
175 2914 244 2962 2210
258 2909 294 2975 cs.
309 2910 350 2962 10.
366 2907 470 2977 affligit
484 2908 596 2976 parcius
615 2908 699 2962 horas
714 2909 802 2976 (0001)
817 2907 847 2961 in
865 2922 973 2960 summo
991 2905 1089 2961 labore

66 2981 98 3034 et
115 2995 167 3049 per
184 2979 288 3034 XXIIII
306 2980 389 3033 horas
407 2981 438 3033 in
456 2979 530 3033 falsa
548 2980 642 3048 quiete
665 2979 675 3051 Η
698 2983 767 3032 2215
787 2977 953 3032 consimilia:
972 2995 1008 3033 sc.
1028 2995 1090 3032 cum

65 3067 199 3119 causorcc,
223 3052 273 3106 aba·
294 3068 344 3106 sec.
367 3053 440 3105 Plct.
464 3051 547 3104 urina
570 3052 690 3120 apparet
713 3050 871 3104 rubicunda
892 3049 937 3104 vel
961 3047 1090 3102 subrubi-

67 3122 163 3177 cunda
182 3125 211 3177 et
227 3122 321 3177 tenuis
341 3123 463 3190 quadam
482 3123 629 3191 nigredine
649 3122 777 3191 superius
796 3119 965 3175 obumbrata
987 3119 997 3192 Η
1020 3125 1090 3173 2216

67 3209 204 3249 causone:
228 3200 260 3249 at
278 3210 383 3247 causon
401 3196 598 3263 acm.ap.10.‚
621 3195 652 3248 in
672 3208 792 3248 causone
812 3194 886 3247 Plat.
907 3196 911 3261 ί
932 3191 1039 3246 febrem
1058 3192 1089 3245 ol:

66 3264 147 3320 febre
166 3267 182 3320 0
200 3265 211 3338 ΗΗ
229 3270 299 3319 2218
317 3267 391 3319 borco
408 3282 516 3320 versum
534 3281 584 3320 orn.
605 3267 621 3319 0
640 3265 745 3335 (posti
773 3263 825 3318 illa
842 3281 894 3332 seq.
913 3264 1035 3332 rubrica)

142 3342 212 3391 2210
231 3338 305 3392 rubr.
326 3336 368 3390 De
392 3337 532 3404 quartana
556 3337 691 3390 continua
711 3338 715 3404 Η
736 3283 856 3390 llentum
875 3336 903 3389 b:
928 3334 1050 3388 Tantum
1072 3334 1091 3388 ot

67 3446 163 3514 (Dar.)
178 3443 195 3570 Η
218 3450 288 3498 2220
307 3444 389 3512 niger
407 3444 435 3497 b:
455 3442 547 3511 magis
566 3443 585 3497 d
607 3442 616 3513 ΗΗ
640 3448 709 3495 2222
727 3417 781 3513 g‘srt
798 3442 890 3511 geiat9
905 3443 966 3510 (ipa.
980 3457 1049 3497 corr.
1065 3467 1091 3486 --

67 3517 154 3585 Dar.)
200 3537 207 3569 ε
231 3516 381 3586 generatus
404 3515 423 3568 d
445 3514 455 3586 ΗΗ
478 3519 548 3567 2220
572 3516 717 3568 resumant
739 3515 754 3568 0
777 3511 787 3585 ΗΗ
810 3518 880 3567 2224
904 3513 1005 3581 quarto
1029 3514 1039 3583 (
1084 3553 1090 3566 .

69 3590 135 3658 que)
155 3588 172 3642 0
194 3587 203 3659 Η
227 3592 296 3641 2225
315 3587 403 3640 motio
421 3585 533 3654 pulsum
553 3585 584 3638 d:
603 3585 713 3640 medico
733 3586 791 3654 (aio)
810 3582 888 3653 pul9
907 3586 923 3640 0
