2422 3998
194 186 415 244 BRllVIAltlUS
433 187 610 244 IOHANNIS
628 189 678 243 ΒΕ
697 187 838 244 SANOTO
857 187 977 244 PAULO
1044 188 1107 254 105

59 331 105 386 De
124 330 220 386 dolore
238 331 338 400 epatis.
599 331 642 385 De
681 330 727 385 ilis
746 333 776 385 et
792 330 955 385 furfuribus.

59 403 106 456 De
124 404 298 473 apostemate
317 403 417 472 epatis.
599 401 642 456 De
659 348 763 471 lapide.

59 473 105 528 De
124 474 275 544 ydropicis.
600 473 641 529 De
661 473 807 543 sanguinis
825 473 942 528 minctu.

58 545 105 600 De
123 545 266 614 ycterieia.
599 545 642 599 De
660 545 780 599 diabete.

58 616 105 671 De
125 615 295 685 spleneticis.
600 616 642 670 De
662 615 840 686 stranguiria.

58 688 105 743 De
119 690 295 757 apostemate
309 689 338 742 et
346 687 462 742 vulnere
474 703 572 742 renum
600 688 642 742 De
662 688 802 757 diampne.

99 761 130 814 et
146 759 247 814 vesice.

350 910 379 980 (f.
391 909 466 963 reeb
486 908 649 979 Capitula
666 908 751 963 libri
769 909 828 979 IV.)

58 1017 105 1070 De
114 1016 228 1070 vulnere
237 1017 316 1086 virge
331 1019 360 1072 et
369 1019 480 1071 tumore
491 1017 571 1071 testi·
598 1017 641 1070 De
665 1017 838 1085 apostemate
861 1017 890 1069 et
911 1014 1026 1069 vulnere
1051 1031 1109 1068 ms-

100 1087 234 1142 culorum.
635 1088 722 1142 tricis.

60 1159 106 1213 De
126 1159 209 1213 coitu.
599 1159 642 1214 De
661 1158 818 1213 sterilitate.

60 1231 106 1284 De
125 1229 264 1299 satyriasi.
600 1231 642 1284 De
660 1229 871 1300 pregnantibus.

60 1302 106 1356 De
125 1316 270 1371 gonorrea.
600 1303 643 1356 De
666 1301 767 1356 aborsu
792 1304 821 1355 et
843 1299 955 1355 difficili
975 1301 1059 1369 partu
1080 1301 1109 1354 st

60 1373 105 1427 De
125 1373 327 1442 aproximeron.
637 1373 796 1427 secundina.

61 1444 106 1498 De
124 1443 281 1499 retentione
300 1446 514 1499 menstruorum.
601 1445 643 1498 De
661 1444 803 1498 mamillis.

61 1515 106 1570 De
124 1514 201 1569 fluxu
219 1519 432 1570 menstruorum.
601 1516 643 1570 De
663 1516 721 1570 scia
739 1517 768 1569 et
787 1515 913 1570 nrtetiea.

62 1587 106 1640 De
125 1603 238 1657 egressu
259 1587 395 1641 matricis.

136 1677 204 1744 (fin.)
225 1675 341 1744 Iamque
359 1677 468 1743 partem
487 1675 576 1730 nostri
594 1676 733 1744 propositi
751 1676 783 1729 in
800 1676 864 1730 hiis.
883 1675 943 1728 IIII.
962 1674 1110 1743 particulis

63 1745 244 1816 explevimus.
282 1747 315 1801 In
335 1747 435 1814 quinta
455 1746 544 1816 igitur
566 1746 706 1815 particula
730 1747 765 1800 de
788 1747 914 1801 febribus
938 1747 1108 1830 exequimur.

64 1818 217 1872 secundum
237 1819 420 1872 auctoritates
443 1817 630 1886 antiquorum.
659 1818 811 1872 adiuvante
833 1818 888 1871 dn‘o
911 1823 963 1872 nro
984 1817 1034 1872 inu
1054 1824 1110 1887 xpo

64 1889 144 1944 ouius
167 1891 238 1942 nutu
261 1889 314 1944 hoo
337 1906 407 1958 opus
430 1889 587 1958 incepimus
611 1889 728 1957 eiusque
751 1888 858 1943 auxilio
880 1890 909 1942 et
927 1889 1110 1957 permissione

64 1961 101 2014 ad
118 1959 202 2014 finem
221 1977 310 2028 usque
329 1959 539 2029 complebimus.

364 2110 393 2180 (f.
405 2116 456 2165 166
475 2110 640 2179 Capitula
657 2109 742 2164 libri
760 2110 805 2180 V.)

63 2218 107 2271 De
129 2216 300 2272 diffinitione
323 2221 352 2273 et
375 2218 411 2272 de
437 2217 574 2272 divisione
601 2216 643 2271 De
661 2216 785 2271 tertiana
803 2217 944 2272 continua.

101 2288 195 2343 febris.
600 2288 644 2342 De
662 2288 806 2342 cotidiene
824 2289 966 2343 continua.

64 2361 106 2416 De
125 2360 256 2415 effimera.
601 2359 643 2413 De
663 2361 800 2428 quartana
819 2361 959 2414 continua.

63 2433 107 2486 De
125 2432 226 2486 ethica.
602 2431 643 2485 De
661 2430 848 2499 interpolatis.

63 2504 107 2557 De
124 2503 204 2557 febre
221 2503 344 2573 putrida.
601 2504 643 2557 De
663 2502 812 2556 cotidiana.

64 2575 106 2628 De
125 2574 274 2629 continuis.
601 2575 644 2630 De
662 2573 793 2627 tertiana.

63 2647 107 2701 De
121 2645 315 2716 cognoscendo
329 2646 420 2716 gradu
432 2644 573 2699 discrasie.
601 2646 644 2699 De
662 2647 807 2713 quartana.

63 2718 107 2772 De
125 2716 202 2772 dieta
221 2719 249 2771 et
267 2716 495 2788 purgacionibus.
601 2717 644 2770 De
663 2717 826 2784 compositis
844 2714 979 2769 febribus.

63 2789 106 2843 De
124 2789 209 2842 variis
228 2788 420 2842 accidentibus
444 2787 573 2842 febrium.
602 2789 644 2841 De
664 2787 804 2841 emitriteo
822 2787 934 2841 minori.

63 2860 107 2914 De
126 2860 242 2914 sinoeha
260 2859 394 2914 infletiva.
602 2859 644 2912 De
663 2858 804 2912 emitriteo
823 2858 924 2912 medio.

64 2932 107 2985 De
125 2931 242 2985 sinocha
262 2931 378 2999 putrida
400 2932 429 2985 et
452 2931 574 2998 primum
602 2931 644 2984 De
663 2930 804 2984 emitriteo
822 2930 930 2983 maiori.

101 3003 136 3056 de
155 3003 314 3056 omothono.
602 3002 644 3055 De
662 3001 770 3071 duplici
788 3001 918 3056 tertiana.

64 3074 107 3128 De
126 3074 241 3128 sinocho
261 3073 444 3144 augmastico.
603 3074 645 3127 De
664 3073 791 3126 erraticis
810 3071 944 3126 febribus.

64 3146 107 3199 De
127 3161 239 3200 causon.
603 3144 644 3198 De
663 3144 756 3212 epiula
775 3146 804 3198 et
822 3143 932 3212 liparia.

137 3236 195 3304 (fin.
214 3235 234 3288 f.
246 3235 307 3303 1⁵19)
331 3233 404 3286 Ecce
425 3233 481 3285 iam
504 3232 628 3287 breviter
649 3233 693 3287 uti
716 3232 867 3301 postulatis
889 3232 920 3285 in
946 3230 1111 3300 compendio

64 3306 155 3376 signu.
189 3322 287 3359 causas
307 3306 335 3358 et
353 3321 441 3358 curas.
475 3305 600 3358 omnium
624 3304 816 3374 egritudinum
840 3303 1046 3374 assignavimus
1069 3320 1111 3358 se-

65 3377 188 3432 cundum
204 3376 368 3445 disciplinas
383 3376 541 3429 nostrorum
555 3378 701 3431 auctorum
717 3377 745 3430 et
763 3375 897 3445 precipue
915 3374 1029 3446 galieni.
1054 3374 1112 3429 Vos

65 3449 220 3504 secundum
235 3448 341 3517 scripta
355 3448 411 3501 ista
424 3446 582 3515 operamini
595 3449 688 3501 vestra
702 3463 787 3517 opera
800 3447 940 3516 dirigente
955 3447 1008 3500 deo
1023 3447 1112 3500 omni·

64 3522 190 3590 potente.
