2422 3998
1085 200 1110 254 V

162 352 257 413 Novit
293 371 364 412 sane
401 352 526 430 Egidius
564 353 656 410 etiam
694 354 845 412 auctorem
880 353 1045 413 Iohannem
1081 357 1112 413 et

90 442 211 501 nomine
240 442 405 518 appellavit
426 442 459 499 in
482 445 649 501 commento
672 434 827 521 propri01)
851 442 888 500 ad
910 441 1052 502 instituta
1076 443 1111 503 de

90 530 211 591 iudiciis
239 531 395 590 urinarum
421 522 461 612 (v.
479 532 654 590 171-182
679 531 723 589 ed.
737 529 833 608 Lugd.
850 533 935 591 1505
956 533 977 591 f.
994 532 1021 590 D
1043 525 1112 613 81)),

90 620 221 697 respexit
244 622 335 680 etiam
357 620 390 678 in
413 623 522 697 quarto
546 639 642 697 opere,
665 620 746 695 quod
768 637 862 696 usque
884 620 972 680 hodie
991 622 1113 682 delituit

90 702 258 790 (Oboulant
291 730 319 786 p.
341 701 466 789 XXXV)
502 704 562 768 ‘de
597 704 912 784 sinthomatibus',
950 730 1009 786 quo
1044 713 1111 787 ipso

89 799 182 858 titulo
202 801 233 858 et
247 798 300 873 qui
313 798 502 874 promittitur
514 799 590 857 liber
602 800 635 857 in
650 798 834 859 antidotario
849 792 893 879 (1,
910 796 1111 876 141-247),

89 887 204 946 citatur
239 889 272 946 in
308 888 520 948 commentario
557 888 610 947 illo
649 889 805 946 urinarum
837 887 973 948 versibus
1005 893 1112 965 postea

90 976 208 1036 adiecto
233 974 287 1055 (ad
305 998 333 1036 v.
351 978 412 1036 139
432 977 459 1035 D
477 977 520 1034 ab
540 971 588 1035 ‘iu
606 976 683 1036 libro
701 980 804 1036 nostro
824 978 859 1036 de
878 978 1111 1039 sinthomatibus

90 1060 222 1126 dicetur'
241 1069 272 1125 et
290 1066 328 1124 ad
346 1087 374 1126 v.
391 1065 492 1125 1671)
505 1067 548 1124 Vb
568 1060 615 1124 ‘in
633 1067 711 1125 libro
734 1070 838 1126 nostro
862 1066 898 1124 de
921 1067 1110 1126 sInthomati·

89 1155 145 1215 bus
169 1150 345 1236 requiras’).
381 1155 529 1215 Iohannes
554 1158 654 1215 autem
673 1155 775 1234 Egidii
798 1159 877 1215 certe
900 1158 1013 1233 scripta
1035 1157 1111 1235 legit

89 1245 188 1304 amica
221 1246 320 1303 mente
352 1244 410 1304 sibi
438 1243 647 1303 commendata
677 1241 753 1326 (ant.
777 1248 809 1320 1,
841 1236 934 1326 126),
976 1245 1028 1306 sed
1058 1247 1111 1324 qui

90 1333 206 1393 acerbis
229 1334 326 1393 verbis
355 1335 442 1410 quasi
470 1353 572 1394 eorum
600 1334 653 1411 qui
676 1329 852 1393 ‘barbarum
876 1335 949 1410 quid
972 1336 1111 1395 dentibus

89 1418 256 1496 frendant’‚
291 1422 323 1481 in
359 1422 500 1482 breviarii
537 1424 670 1500 capitulo
707 1423 743 1481 de
780 1423 937 1484 emitriteis
969 1424 1055 1500 (libri
1082 1426 1111 1482 V

88 1513 109 1570 f.
127 1512 217 1572 1771)
254 1513 317 1572 cod.
341 1512 482 1589 Amplon.
506 1533 555 1589 qu.
580 1507 660 1591 207)
697 1532 764 1572 eam
799 1512 898 1588 ipsam
932 1515 1111 1573 sententiam

89 1601 262 1676 confundit,
300 1619 377 1678 quae
414 1604 445 1662 et
481 1600 582 1678 Egidii
618 1602 677 1661 fuit
714 1602 801 1675 (viat.
827 1595 928 1684 2284)
966 1606 996 1662 et
1029 1597 1110 1683 (cum

88 1691 303 1751 Bartholomeo
328 1690 358 1750 (1.
377 1689 404 1748 S.
422 1690 453 1749 Il
479 1692 551 1749 761.
578 1690 631 1765 lv,
652 1693 715 1750 349
741 1692 777 1750 cf.
796 1710 900 1751 versus
925 1691 955 1751 O.
972 1691 1000 1751 S.
1020 1693 1048 1749 V
1068 1695 1108 1752 85

90 1808 125 1826 =
143 1779 191 1839 ΠΙ
216 1781 258 1839 30
289 1781 369 1856 apud
396 1773 690 1859 Pseudo-Maurum)
719 1779 802 1839 Petri
829 1774 1050 1862 Musandini2),
1083 1782 1109 1841 is

164 1934 190 2001 1)
209 1932 297 1987 editio
321 1932 411 2002 Lugd.
431 1937 514 2000 (quae
538 1935 581 1986 est
603 1931 735 2000 repetitio
759 1933 867 2000 primae
892 1932 928 1986 ab
951 1935 1109 1989 Avenantio

90 2003 126 2057 de
141 2003 288 2058 Camerino
303 2004 377 2058 male
392 2007 507 2057 curatae
521 2004 590 2059 Pad.
605 2008 674 2057 1484
689 2004 723 2057 cf.
735 2001 875 2057 Ghoulant
889 2022 916 2072 p.
928 2002 1043 2057 XXXVI
1057 2012 1109 2073 sq.)

90 2074 234 2144 duplicem
253 2074 341 2129 habet
359 2076 571 2144 expositionem,
590 2075 712 2144 priorem
726 2075 818 2144 ignoti
832 2075 955 2130 auctoris
969 2079 1036 2145 (non
1051 2075 1109 2130 Gil-

90 2146 176 2215 berti)
191 2163 274 2215 quem
283 2147 456 2201 Avenantius
471 2147 552 2201 finxit
566 2162 626 2202 esse
642 2146 782 2201 Gentilem
797 2146 832 2201 de
846 2147 992 2217 Fulgineo‚
1008 2147 1109 2202 deinde

89 2217 537 2344 tractassemus
552 2219 642 2344 11
661 2218 1109 2361 sacrasanctam

89 2363 135 2414 rat
152 2360 253 2429 (‘quod
276 2361 372 2414 forsan
393 2360 482 2430 ipsius
501 2361 616 2430 Aegidii
635 2377 695 2415 esse
714 2362 822 2430 posset’
841 2361 981 2417 Chonlant
1000 2362 1017 2416 l.
1034 2380 1056 2418 c.
1073 2363 1108 2417 ci.

90 2432 132 2485 De
150 2432 239 2486 Renai
258 2430 286 2486 C.
301 2431 327 2486 S.
343 2432 389 2494 IV,
405 2438 465 2486 575.
495 2448 554 2485 rem
573 2433 688 2486 invertit
706 2432 739 2486 H.
755 2432 773 2485 l.
789 2433 824 2486 de
843 2433 871 2486 la
889 2434 933 2487 Fr.
949 2433 1021 2500 XXI,
1036 2438 1107 2504 400).

91 2503 202 2558 codices
220 2519 285 2557 mss.
302 2504 447 2557 urinarum
466 2504 563 2573 Egidii
586 2505 635 2573 qui
659 2505 744 2558 etiam
764 2506 966 2559 commentario
985 2507 1108 2574 praediti

90 2576 190 2628 extant
207 2574 331 2643 plurimi,
351 2577 401 2628 aut
417 2575 585 2644 simpliciter
598 2575 705 2629 habent
719 2576 842 2629 auctoris
856 2577 1001 2645 proprium
1020 2578 1108 2631 ‘com-

89 2647 230 2700 mentum'
249 2645 356 2712 (Liber
378 2647 432 2701 iste
456 2663 539 2715 quem
558 2646 709 2716 legendum
728 2649 911 2716 proponimus
934 2650 977 2703 est
999 2649 1108 2702 novelle

89 2716 278 2771 institutionis
294 2719 355 2786 ...')
370 2721 421 2771 aut
435 2717 582 2772 ‘Gilbcrti’
592 2718 776 2787 (Gileberti’)
791 2720 994 2787 expositionem
1006 2718 1108 2790 (Sicut

90 2789 161 2843 dicit
180 2787 380 2843 Constantinus
404 2790 434 2843 in
451 2789 593 2859 Pantcgni
607 2831 613 2842 .
625 2833 630 2842 .
644 2793 661 2859 .)
681 2802 753 2859 quae
773 2790 889 2859 (Epidii)
914 2792 1000 2845 etiam
1020 2793 1107 2845 ‘oom-

90 2861 230 2914 mentum'
248 2860 312 2929 ipsa
330 2861 447 2929 respicit
464 2864 498 2929 (e.
514 2880 541 2931 g.
557 2860 577 2914 G
592 2863 655 2929 41),
674 2878 760 2930 saepe
782 2863 877 2916 autem
896 2863 1025 2916 feruntur
1043 2880 1107 2916 cum

91 2931 199 3000 duplici
218 2933 418 2986 commentario
433 2933 461 3001 (i.
472 2948 495 2986 e.
506 2933 652 3001 utriusque
672 2932 795 2986 auctoris
809 2933 906 3002 Egidii
925 2936 953 2987 et
968 2933 1106 3002 Gilberti).
1188 2984 1192 2992 .

91 3005 279 3057 commentum
299 3005 393 3057 autem
414 3003 448 3056 de
466 3003 594 3072 pulsibus
613 3005 644 3056 in
662 3003 807 3058 codicibus
825 3005 886 3058 sine
902 3007 1015 3059 nomine
1034 3005 1107 3058 alius
1176 3010 1181 3018 '

92 3074 215 3128 auctoris
238 3090 349 3143 semper
371 3076 461 3128 fertur
482 3092 545 3128 cum
563 3075 689 3129 versibus
708 3076 804 3143 Egidii
824 3077 939 3145 eiusque
962 3077 1105 3145 propriam

91 3145 259 3199 ‘monetam’
274 3146 329 3200 fert
346 3146 409 3215 (inc.
421 3146 561 3210 ‘Quatuor
579 3150 645 3200 sunt
663 3146 789 3200 membra
808 3148 978 3216 principalia
994 3149 1063 3216 ...’).

162 3219 188 3285 1)
207 3233 264 3270 non
284 3216 453 3271 Petroncelli
477 3218 647 3286 (Petrocelli‚
671 3218 823 3286 Petricelli)
844 3218 871 3272 C.
888 3219 1038 3286 111111.
1059 3219 1106 3286 IV,

92 3293 141 3342 309
160 3292 244 3358 (quae
259 3290 415 3342 communis
430 3291 473 3343 est
487 3288 746 3357 Salernitanorum).
767 3292 889 3344 ceterum
905 3291 1048 3344 sciendum
1064 3294 1107 3345 est

92 3360 120 3412 in
142 3361 203 3414 cod.
221 3358 248 3414 S.
264 3358 355 3414 Germ.
373 3367 441 3415 1146
466 3361 517 3429 (De
538 3361 626 3414 Renzi
645 3361 691 3427 IV,
708 3364 769 3429 185)
784 3389 811 3406 =
825 3362 886 3416 Par.
903 3361 952 3417 lat.
970 3368 1060 3416 14025
1085 3380 1105 3416 s.

91 3429 153 3484 XIV
167 3435 233 3500 post
247 3431 317 3485 duas
332 3435 361 3486 et
377 3432 501 3486 diversas
515 3435 653 3501 notasque
668 3433 882 3501 compilationes
897 3434 1106 3502 therapeuticas

93 3501 240 3571 ‘lpocratis
267 3505 296 3557 et
321 3502 454 3569 Galieni’‚
481 3519 598 3572 quarum
624 3505 717 3572 p1ima
742 3505 800 3557 iam
826 3506 948 3559 occurrit
974 3522 1044 3559 saec.
1068 3504 1108 3556 IX

93 3573 188 3642 (Paris.
201 3579 301 3641 11219,
315 3575 394 3629 Harl.
406 3580 484 3642 4977,
503 3575 597 3629 Sloan.
612 3576 813 3647 1839111111
825 3576 1011 3629 adindieem
1018 3587 1127 3638 prece-
