2422 3998
96 98 243 156 diaconus
280 97 378 155 factus
414 95 609 156 Breconensis
646 87 850 179 (Brecknock)
887 117 943 175 pro
985 99 1118 176 capitulo

95 185 269 246 Menevensi
288 177 435 266 (episcopi
455 184 558 244 Sancti
572 182 685 264 David)
704 186 772 245 lites
791 187 900 246 babuit
919 206 1009 264 super
1027 190 1117 248 eccle·

95 275 141 335 sia
165 275 202 333 de
220 274 303 333 Keri.
325 275 403 334 banc
420 274 556 334 Adamus
575 276 733 351 episcopus
753 274 782 333 S.
796 276 901 354 Asaph
921 280 1119 353 occupaverat

95 363 434 424 excommunicationem
466 362 590 423 Giraldo
623 383 692 423 cum
724 365 787 424 suis
814 366 957 425 renitenti
986 368 1118 427 minatus

95 449 202 515 ‘licet
228 452 368 513 invitus
397 453 483 530 quia
506 453 659 513 Parisiis
684 453 770 512 olim
797 455 889 514 socii
912 456 1060 515 fuerant
1084 459 1120 516 et

94 544 327 603 conscolares
347 535 423 624 (Gir.
443 541 585 601 derebus
604 561 622 601 1
641 561 672 602 se
695 542 788 620 gestis
813 547 841 619 1,
862 545 880 604 6
901 541 977 621 Opp.
996 545 1013 603 I
1030 566 1059 621 p.
1076 546 1117 603 32

93 633 218 692 Brewer
242 624 343 713 1861)
367 663 411 672 -
434 626 517 691 ‘olim
545 626 644 707 socii'‚
672 633 725 690 sed
751 652 805 708 per
832 652 906 710 quos
935 652 1029 692 annos
1058 653 1118 694 non

92 723 224 782 constat.
252 740 321 780 nam
346 719 501 796 (1111111111,
524 723 559 780 ut
581 721 613 778 in
632 721 803 781 universum
827 724 891 798 ipsc
915 723 960 781 111
982 717 1033 794 (de
1056 723 1117 782 reb.

97 831 115 871 a
141 829 172 870 se
201 811 293 889 gestis
320 813 348 885 1,
368 804 402 890 2)
427 805 501 869 ‘tres
529 812 626 869 status
655 829 801 871 annorum
829 812 961 887 plurium
983 811 1118 872 Parisius

96 899 129 958 in
154 898 331 958 liberalibus
360 898 503 958 doctrinis
526 898 664 958 faciendo
693 918 882 976 summosque
910 902 1118 977 praeceptores

96 988 216 1048 demum
247 988 469 1064 aequiparando
505 988 629 1047 trivium
665 988 778 1047 ibidem
810 990 928 1068 egregie
957 989 1060 1049 docuit
1087 992 1118 1049 st

94 1078 238 1156 precipue
264 1079 296 1136 in
319 1080 383 1137 arte
405 1078 555 1137 rhetorica
578 1078 697 1136 laudem
721 1073 869 1137 obtinuit'
892 1072 944 1161 (cf.
967 1083 995 1153 1,
1016 1080 1033 1137 3
1059 1074 1118 1138 ‘re-

92 1185 200 1227 versus
224 1169 325 1227 autem
349 1186 367 1226 1
390 1160 506 1226 studio'
525 1170 579 1226 etc.
599 1168 634 1226 de
659 1167 766 1227 studiis
787 1167 882 1229 Paris.
900 1167 1117 1245 posterioribus

92 1258 196 1336 legum
221 1258 252 1314 61
275 1256 467 1315 decretalium
490 1258 521 1315 et
543 1257 713 1334 theologiae
735 1255 807 1316 ibid.
828 1259 857 1332 2,
878 1260 905 1315 1.
927 1259 954 1316 2.
981 1259 1009 1333 3,
1030 1251 1073 1340 3).

169 1347 270 1405 11791
301 1344 338 1403 In
371 1345 445 1404 actis
482 1345 601 1405 concilii
633 1344 843 1406 Lateranensis
876 1346 913 1405 ab
944 1345 1117 1406 Alexandro

91 1454 175 1513 papa
208 1434 255 1493 III
292 1437 455 1495 convocato
491 1454 600 1494 nomen
636 1437 803 1511 praesentis
839 1435 995 1494 exhibetur
1026 1437 1118 1495 etiam

90 1523 206 1584 Adami
239 1517 351 1605 (Mansi
375 1522 487 1594 0011011.
506 1523 600 1599 ΧΧΠ,
621 1525 683 1582 217
709 1523 853 1606 01467).
892 1523 1117 1586 Oanbrariensis

91 1615 175 1673 enim
198 1612 426 1760 provinciapRhi
448 1614 642 1760 upprinalptulp
665 1613 810 1689 episcopi:

399 1703 470 1760 aina
502 1721 537 1761 us
589 1705 621 1760 at
643 1700 773 1761 oniensis

354 1791 502 1850 Robertus
526 1791 736 1851 Herfordensis

354 1879 503 1940 Iohannes
526 1880 716 1940 Nervicensis

354 1967 512 2029 Adamus
535 1968 575 2028 de
600 1968 732 2029 Sancto
756 1969 879 2046 Asaph

354 2057 461 2118 Petrus
485 2053 695 2118 Menevensis'.

90 2148 153 2206 huc
182 2145 327 2223 pertinet,
361 2166 438 2223 quae
468 2149 560 2208 etiam
590 2149 621 2206 in
651 2147 740 2207 Notis
770 2145 898 2207 Antonii
926 2147 1003 2226 Pagi
1035 2148 1117 2224 apud

90 2236 261 2295 Baronium
284 2229 377 2317 (Ann.
397 2237 466 2296 eccl.
486 2237 531 2298 ed.
550 2236 622 2296 Luc.
641 2237 712 2296 XIX
734 2258 763 2313 p.
784 2237 847 2295 499
875 2236 911 2295 01.
931 2236 1030 2296 Mansi
1053 2238 1072 2295 1.
1092 2256 1115 2297 0.

89 2345 121 2402 p.
143 2321 224 2402 248)
242 2324 397 2401 repetitur,
416 2325 524 2385 Bulaei
542 2326 676 2385 narratio
696 2321 779 2405 (hist.
798 2345 848 2384 un.
867 2325 935 2384 Par.
954 2325 986 2384 11
1007 2347 1035 2402 p.
1052 2327 1115 2386 716

91 2416 130 2474 cf.
151 2405 232 2493 667)
256 2434 292 2473 ex
309 2414 462 2474 Walteri
484 2413 592 2491 prioris
618 2415 646 2474 S.
661 2415 794 2474 Victoris
818 2413 1041 2474 dialecticorum
1065 2414 1115 2474 ad·

90 2502 221 2565 versarii
243 2505 403 2581 aegerrimi
426 2497 494 2584 (qui
517 2504 665 2564 trinitatis
688 2505 840 2564 invasores
864 2506 1000 2582 increpat
1022 2504 1114 2563 Abei-

89 2592 223 2667 lardum,
241 2592 364 2652 Petrum
377 2591 589 2668 Lombardum,
612 2594 735 2653 Petrum
752 2593 981 2668 Pictaviensem,
1000 2591 1114 2652 Gilber-

89 2685 160 2742 tum
195 2681 392 2742 Porretanum
427 2677 503 2742 ‘nno
541 2683 650 2760 spiritu
684 2682 876 2742 Aristotelico
916 2676 1053 2741 inflatos'
1085 2686 1117 2742 et

90 2771 184 2849 quasi
198 2766 400 2847 ‘labyrinthos
414 2764 586 2853 Franciae')
605 2774 638 2830 in
657 2791 744 2847 opere
764 2775 868 2831 contra
883 2771 1049 2831 haereticos
1064 2764 1115 2850 (de

88 2861 186 2920 titulo
213 2860 283 2919 libri
305 2881 333 2920 1.
347 2861 478 2921 Bulaeus
501 2882 530 2938 p.
546 2862 619 2919 402.
641 2860 714 2920 629.
746 2860 860 2920 Denifie
887 2860 976 2920 Arch.
991 2860 1015 2934 Ι,
1034 2853 1114 2940 404)

90 2949 128 3009 de
148 2948 267 3010 Adamo
287 2968 406 3027 quoque
425 2969 494 3010 cum
512 2950 692 3027 quibusdam
713 2950 914 3009 cardinalibus
933 2951 1115 3028 repugnanti

40 3078 43 3087 ·
90 3041 200 3100 contra
222 3038 427 3098 Alexandrum
450 3059 562 3116 papam
584 3039 645 3115 ΙΠ,
676 3059 744 3098 cum
766 3039 799 3097 in
823 3039 949 3099 concilio
973 3037 1115 3098 Lombar-

90 3129 167 3188 dum
190 3128 216 3188 is
239 3128 382 3188 damnare
405 3130 633 3188 moliretur...
654 3123 800 3197 ‘Quidam
822 3146 892 3188 vero
916 3127 1115 3187 cardinalium

165 3219 277 3296 egressi
305 3221 377 3278 sunt
399 3238 434 3277 ex
457 3219 643 3278 consistorio.
690 3216 820 3287 Quidam
842 3216 934 3276 etiam
957 3219 1114 3294 episcopus

91 3306 256 3367 Wallensis
274 3307 373 3367 Adam
396 3307 489 3368 exivit
512 3306 663 3367 cumillis
687 3307 786 3366 dicens
805 3306 933 3367 Domine
956 3327 1042 3383 papa
1060 3326 1120 3380 ege
