2422 3998
91 167 131 230 18
540 160 652 216 aslon

30 313 199 385 catorbite,
222 314 270 372 lex
292 311 389 372 morbi
410 315 496 372 motu
518 312 596 371 redit
618 311 788 372 orbiculari.

88 402 200 462 labitur
221 402 271 462 hic
293 402 325 459 in
348 419 448 463 mense
470 402 576 475 semel,
599 400 754 478 duplicata
775 405 864 462 ruina

87 493 174 551 illum
197 491 357 565 subvertit,
378 489 476 550 tribus
498 491 547 550 hic
571 510 589 550 a
612 490 729 552 casibus
753 495 835 552 extat

86 580 238 641 mensibus
260 579 406 655 inmunis,
428 579 568 639 illaesum
590 583 722 656 quatuor
743 580 829 641 illum

86 672 265 731 conservant
286 687 415 745 menses,
436 669 486 728 hic
508 668 554 729 bis
577 669 747 730 subcumbit
768 670 802 730 in
825 690 918 748 anno,
940 724 942 729 .

29 779 68 819 esc
85 760 137 819 ille
159 759 264 835 semel,
286 760 446 835 variatque
469 757 548 818 vices
571 758 614 818 sic
636 777 728 820 causa
749 760 907 821 malorum.

86 851 112 909 si
135 868 257 909 causam
278 849 355 908 fluor
377 847 534 922 informat,
557 849 705 909 maturius
728 848 824 909 instat

85 939 214 999 insultus
237 937 385 1015 replicans
408 936 555 1013 citiusque
577 939 703 998 vacante
726 939 825 1016 priore

85 1027 216 1088 succedit
238 1044 378 1105 pressura
400 1044 536 1102 sequens.
578 1030 734 1103 compacta
756 1031 893 1088 moratur

85 1118 224 1177 materies
248 1115 426 1192 stabilisque
447 1118 550 1175 manet
571 1116 727 1194 morbique
749 1118 881 1178 refrenat

28 1223 66 1263 aas
84 1209 200 1268 motum
222 1205 430 1282 praecipitem,
454 1207 598 1265 renovata
621 1206 755 1282 pericula
777 1225 842 1266 sero

84 1298 269 1370 instaurans,
292 1295 462 1372 aliquisque
484 1294 565 1354 malo
588 1298 691 1355 manet
713 1313 784 1355 usus
807 1297 839 1356 in
862 1295 924 1356 illo.

85 1387 109 1444 si
134 1384 256 1463 sanguis
281 1385 321 1444 sit
343 1401 434 1443 causa
455 1385 529 1443 meli
552 1385 600 1443 vel
622 1385 731 1463 flegma
753 1386 801 1444 vel
823 1386 933 1445 humor

84 1476 209 1550 quartus
232 1474 280 1533 vel
303 1474 414 1548 colera,
437 1474 497 1534 sint
519 1471 606 1552 signa
628 1474 685 1533 tibi
708 1474 789 1535 color
812 1475 885 1550 oris,

84 1565 182 1637 aetas,
204 1563 307 1638 urina,
329 1565 462 1638 tempus,
486 1563 664 1640 complexio,
686 1565 759 1623 vita.

26 1669 66 1708 roo
84 1651 223 1713 (lentibus
246 1653 320 1712 haec
342 1652 435 1712 variis
459 1650 607 1712 deformat
629 1651 730 1730 passio
754 1653 881 1712 formam

83 1742 229 1802 informis.
265 1760 335 1800 nam
359 1740 505 1801 deformes
522 1742 603 1802 hunc
625 1760 760 1820 promere
783 1743 875 1803 rictus

84 1832 167 1910 cogit
189 1833 219 1891 et
241 1831 310 1891 huic
334 1849 471 1908 spasmus
494 1831 612 1890 labrum
636 1831 795 1907 detorquet
817 1830 856 1891 ad
880 1849 996 1908 aurem,

83 1921 220 1980 dentibus
243 1921 292 1980 hic
314 1920 443 1995 frendet,
465 1920 515 1980 hic
537 1940 689 1980 murmure
712 1921 879 1998 pernicioso

82 2012 215 2086 intonat,
238 2011 287 2070 hic
309 2011 421 2085 stertit,
445 2012 557 2070 tremor
578 2010 669 2070 huius
693 2011 825 2070 concitat
847 2027 923 2083 ossa,

24 2115 64 2154 ros
82 2100 152 2159 huic
175 2101 275 2160 cervix
298 2100 427 2160 distorta
449 2101 534 2159 iacet.
571 2100 640 2159 fluit
661 2100 752 2159 huius
776 2098 814 2159 ab
837 2118 887 2158 ore

83 2189 167 2249 labra
190 2189 292 2267 rigans
316 2206 459 2265 spumosa
481 2189 560 2264 lues,
582 2189 653 2248 huic
675 2188 808 2264 palpitat
830 2192 913 2250 artus

82 2278 180 2338 nervis
204 2279 365 2338 contractis
390 2280 433 2352 et,
456 2277 536 2352 quod
559 2277 654 2355 pudet
677 2277 762 2337 edere
785 2278 882 2354 dictu,

83 2386 159 2444 <quae
181 2368 310 2426 retinere
332 2366 439 2443 nequit
461 2365 574 2427 invitus
598 2366 699 2427 debita
722 2366 812 2427 solvit

82 2458 222 2531 naturae,
246 2455 392 2515 stomachi
415 2456 511 2515 faeces
533 2457 654 2534 regione
677 2457 793 2516 reclusa

24 2560 64 2599 erc
81 2544 223 2605 inferiore
246 2545 327 2604 foras
350 2543 498 2621 eliminat,
522 2545 620 2604 effluit
641 2547 704 2606 ime

82 2636 238 2694 humorum
261 2635 348 2694 testis
372 2634 484 2694 effusio.
522 2636 548 2694 si
571 2636 649 2696 senis
673 2653 765 2694 annos

154 2826 205 2875 983
225 2822 297 2876 mot⁹
319 2824 405 2892 (-tus)
424 2823 499 2877 redit
517 2791 596 2893 (redi)
617 2824 645 2890 b,
669 2826 747 2877 motu
766 2820 783 2878 d
802 2794 873 2878 ledit
888 2824 946 2892 (sic)
965 2842 993 2879 m
1010 2824 1025 2949 Η
1049 2829 1102 2881 396

82 2895 112 2946 in
130 2908 282 2947 mensem:
303 2893 368 2947 lune
388 2910 417 2949 se
436 2895 452 2948 b
470 2893 479 2965 ΗΗ
499 2899 550 2948 387
570 2893 701 2948 censibus
719 2912 747 2949 m
765 2896 774 2966 Η
793 2900 844 2949 399
865 2893 1009 2950 succumbi

83 2969 132 3018 391
161 2965 237 3019 rubr.
266 2963 307 3018 lle
339 2964 456 3019 diversis
486 2964 706 3020 sinthomatibus
736 2981 787 3035 per
816 2966 1005 3021 accessionem
1036 2967 1103 3023 sub-

82 3034 259 3091 venientibus
274 3036 299 3103 d,
319 3036 394 3104 qnod
409 3036 526 3105 qnidam
539 3036 604 3106 plns
619 3037 724 3091 cadunt
738 3039 855 3107 quidam
870 3037 963 3093 minus
977 3056 1004 3094 m
1018 3041 1103 3109 (quod

78 3109 200 3175 pertinet
217 3107 256 3162 od
270 3108 409 3176 praeced.)
426 3114 430 3176 1
446 3108 585 3162 maturius
603 3126 642 3162 m:
662 3109 837 3164 moderatius
858 3109 1033 3179 (mcd’acius)
1053 3111 1069 3165 b
1092 3111 1104 3184 Η

83 3183 133 3232 399
157 3178 298 3248 replicans
321 3196 359 3232 m:
384 3182 448 3233 -cat
471 3181 486 3233 b
507 3183 512 3248 Ι
532 3179 619 3234 cicius
642 3192 703 3248 (ora.
724 3183 788 3249 que)
812 3199 839 3236 m
860 3180 870 3253 Η
893 3186 945 3235 394
968 3181 1103 3238 materies

81 3268 120 3303 ru:
140 3250 198 3305 ·rie
217 3251 232 3305 b
269 3248 425 3319 morbuque
443 3251 459 3304 b
476 3251 486 3335 Η
505 3255 556 3304 397
570 3252 644 3306 rubr.
660 3269 711 3308 om.
725 3270 765 3319 m,
790 3251 882 3318 Quare
901 3252 1016 3322 quidam
1035 3253 1102 3323 plus

82 3320 188 3374 cadunt
211 3322 226 3376 b
256 3322 259 3394 Η
282 3326 333 3376 999
353 3321 421 3376 Etas
443 3339 526 3377 uuna
549 3322 705 3392 complexio
727 3324 787 3379 vita
807 3324 885 3378 dieta
908 3325 969 3394 (cic)
992 3325 1017 3391 b,
1040 3327 1101 3381 scil.

81 3391 140 3445 vita
154 3393 173 3446 i.
189 3391 266 3448 dieta
280 3393 386 3462 (Plato.
418 3393 453 3460 cf.
468 3411 492 3449 o.
504 3397 557 3450 460
570 3392 580 3466 Η
593 3399 644 3448 401
661 3394 774 3450 informi
789 3395 804 3448 b
821 3397 825 3463 Ι
841 3395 929 3450 rictus
943 3414 983 3451 m:
1002 3398 1101 3451 ructus

82 3463 97 3512 t
119 3462 129 3534 Η
152 3467 204 3517 409
228 3466 257 3519 et
279 3464 346 3519 huic
370 3483 389 3520 s.
409 3463 521 3519 labrum
539 3483 578 3520 m:
603 3470 631 3520 et
654 3467 729 3521 hunc
752 3483 773 3522 s.
793 3465 864 3520 labii
883 3469 898 3521 b
919 3470 923 3536 Ι
944 3482 1041 3522 aurem
1059 3486 1100 3525 m:

82 3534 216 3605 auresbll
230 3541 281 3589 404
296 3535 433 3590 huiusm:
448 3536 567 3607 hnicbl!
582 3543 633 3591 409
649 3538 728 3592 luens
743 3537 792 3608 ηιΗ
806 3543 858 3593 408
869 3555 976 3607 quem:
992 3539 1101 3608 qnodb
