2422 3998
96 199 140 265 94
548 196 662 252 somn

96 347 261 408 accelerare
284 346 361 423 dies,
384 348 443 407 nisi
466 351 563 408 metae
586 351 722 424 tempora
747 349 845 408 differt

95 436 235 497 materies
257 436 376 496 habilis.
414 439 536 516 sanguis
561 437 739 515 quandoque
762 437 885 499 nocivus

95 526 219 586 naribus
243 525 381 602 erumpit.
416 525 503 586 Hanc
526 528 668 586 effectura
691 527 792 587 diaeta

96 615 250 694 sanguinis
274 617 305 674 et
327 615 434 674 similis
458 616 634 692 complexio,
658 635 788 676 consona
811 617 898 676 dictis

25 721 77 763 ssu
97 706 179 764 aetas
203 724 265 781 qua
287 705 383 764 malas
405 704 497 765 vestit
519 705 661 783 lanugine
684 725 779 782 parva

97 794 283 873 congenitale
305 794 361 870 pili
384 793 518 871 signum,
541 814 578 853 ne
602 795 706 854 devius
730 813 811 854 error

96 884 251 959 subrepet,
273 882 331 942 tibi
354 884 441 960 signa
464 882 586 943 dabunt.
624 884 731 943 illucet
753 883 863 944 eisdem

96 973 141 1032 vis
164 973 362 1033 infletivae
386 973 480 1050 signis
504 973 668 1050 paucisque
691 976 815 1033 notatur

96 1063 185 1122 istius
210 1081 228 1121 a
250 1062 382 1139 synoche
406 1061 560 1121 distantia.
597 1081 668 1121 nam
691 1063 858 1122 rubicunda

26 1168 78 1208 saec
97 1154 127 1210 et
149 1152 243 1210 fetore
266 1168 368 1210 carens
392 1150 497 1211 effusio
521 1150 676 1227 praedicat
697 1151 788 1211 istam

96 1240 196 1299 nescia
217 1239 321 1299 livoris
345 1239 470 1315 febrem,
493 1259 553 1299 non
577 1242 723 1318 sanguine
746 1241 826 1317 put'

97 1330 240 1404 efficitur,
264 1328 315 1389 sed
339 1347 430 1388 causa
453 1347 561 1389 nocens
585 1332 631 1389 est
653 1349 730 1389 vena
752 1330 875 1406 repleta.

169 1419 276 1477 Trinus
301 1418 507 1478 emitritens
531 1418 709 1495 producitur
732 1439 767 1477 ex
790 1419 942 1497 geminata

97 1508 232 1566 materia.
269 1508 367 1566 minor
389 1510 435 1566 est
458 1510 576 1567 exortus
599 1508 739 1585 flegmate
761 1508 845 1584 putri

26 1612 78 1653 sess
98 1600 128 1656 et
151 1597 262 1670 colera,
286 1596 425 1673 quotiens
448 1598 480 1655 in
503 1615 580 1656 vens
603 1597 754 1657 clauditur
776 1597 866 1671 illud,

97 1686 169 1744 haec
192 1687 268 1744 latet
290 1685 427 1746 exterius.
465 1686 563 1746 causis
586 1686 702 1747 medius
725 1687 761 1747 fit
783 1688 894 1746 eisdem

170 1825 239 1874 2271
260 1836 311 1874 nec
330 1823 413 1874 metae
433 1822 561 1890 tempora
580 1822 611 1888 d,
635 1797 654 1875 1⁰1
673 1824 733 1875 tato
752 1824 801 1891 tw
821 1822 844 1875 b.
874 1823 931 1890 leyo
949 1819 1005 1873 nisi
1024 1820 1061 1887 cf.
1077 1823 1123 1877 Io.

99 1891 203 1946 durant
227 1890 319 1945 febres
344 1908 433 1960 usque
460 1892 497 1945 cd
517 1890 542 1945 V
564 1892 608 1946 vel
632 1893 669 1945 cd
692 1891 744 1946 VH
768 1891 851 1946 diem.
884 1891 929 1945 vel
951 1891 988 1944 ed
1011 1889 1052 1944 IX
1075 1892 1125 1947 vel

99 1963 136 2016 nd
158 1961 198 2016 xl
223 1962 306 2018 diem.
340 1965 390 2016 aut
413 1979 514 2031 parum
538 1963 601 2031 plus
628 1964 638 2034 Η
666 1969 735 2018 2272
761 1963 867 2017 habilis
893 1964 921 2016 b:
947 1961 1065 2016 humilis
1093 1965 1123 2019 d.

98 2035 133 2101 cf.
150 2036 191 2089 Ic.
214 2034 246 2086 lit
268 2035 455 2105 (omotbonus)
482 2035 517 2088 de
543 2035 679 2104 sanguine
705 2035 794 2089 multo
821 2037 849 2090 et
874 2032 965 2087 habili
991 2033 1029 2087 ad
1057 2052 1124 2090 suc-

99 2105 296 2160 censionem..
331 2105 398 2174 quia
422 2106 453 2160 fit
477 2106 707 2174 (epaumasticus)
732 2107 767 2161 de
789 2121 883 2175 peuce
905 2105 1026 2160 materia
1050 2105 1124 2161 licet

97 2175 188 2231 habili
213 2177 248 2230 ad
272 2177 481 2231 succensionem
504 2182 508 2246 Ι
532 2178 659 2247 sanguis:
681 2179 715 2245 cf.
731 2179 772 2232 Io.
792 2177 961 2232 terminetur
980 2192 1048 2245 sepe
1066 2177 1124 2232 hec

99 2248 229 2317 egritudo
252 2247 329 2301 fluxu
355 2247 501 2317 sanguinis
528 2264 542 2302 e
565 2248 691 2303 naribus.
729 2248 867 2319 eiigitur
888 2249 919 2302 in
943 2248 989 2302 die
1012 2248 1122 2304 cretico

98 2318 183 2372 fluere
207 2317 321 2373 differat
343 2318 559 2387 precedentibus
583 2320 671 2388 signis
694 2319 818 2373 futurum
844 2319 950 2373 fluxum
971 2336 1021 2373 sen
1063 2319 1123 2374 inis

99 2388 332 2444 denuntiantibus
346 2392 545 2459 provocetur..
575 2392 694 2460 (breuius
708 2392 792 2460 Plat.)
806 2391 816 2464 Η
830 2397 900 2445 2278
914 2391 974 2444 Hec
988 2406 1004 2444 c
1027 2391 1123 2447 ective

98 2462 129 2527 d,
153 2461 244 2514 Huius
263 2460 398 2515 effectura
417 2462 432 2515 b
455 2460 464 2533 Η
487 2468 558 2516 2274
577 2462 722 2532 sanguinis
742 2464 856 2533 (sang’s)
876 2464 903 2518 b:
929 2460 1045 2532 sanguis
1069 2464 1089 2518 d

99 2532 184 2586 dictis
198 2533 228 2587 d:
244 2533 323 2587 sedes
339 2535 354 2588 b
368 2532 378 2606 Η
393 2538 461 2586 2275
477 2550 544 2601 qua:
560 2539 579 2602 'q
594 2534 701 2603 (qued)
717 2535 752 2588 bd
768 2535 771 2604 Η
788 2535 873 2588 vestit
887 2536 915 2589 b:
930 2533 1019 2588 nescit
1034 2534 1055 2588 d
1068 2536 1103 2605 (2)

98 2604 237 2673 parvasd
260 2606 357 2674 (parve
375 2605 472 2674 Dar.):
491 2606 597 2673 purab
620 2605 630 2678 Η
653 2610 722 2659 2276
742 2606 807 2675 pili:
831 2604 898 2675 pilis
922 2604 982 2675 (pil'
1001 2605 1026 2673 b)
1052 2606 1090 2660 bc
1116 2610 1120 2680 Η

99 2727 134 2764 ne
149 2711 233 2766 nar„
249 2727 301 2765 nec
316 2688 355 2780 (t)
371 2712 407 2766 ee
424 2712 434 2784 Η
453 2717 522 2765 aava
538 2714 667 2781 aceepit
686 2713 722 2766 ea
738 2712 741 2783 ι
758 2712 858 2766 niuea
874 2713 905 2767 a:
925 2706 1013 2766 eruor
1028 2715 1089 2783 (aa)
1106 2716 1123 2770 c

100 2785 141 2851 (iu
155 2785 293 2853 maru-l)
319 2783 331 2866 ΗΗ
355 2788 424 2837 2278
448 2782 603 2838 inflativee:
628 2784 662 2850 cf.
683 2785 757 2839 Plct.
780 2784 894 2838 Sinocbi
917 2782 1044 2839 inflatius
1067 2785 1122 2841 hec

100 2854 197 2908 ecdem
221 2857 287 2907 sunt
310 2870 392 2924 signe
415 2857 532 2923 excepto
556 2855 631 2923 quod
656 2857 738 2909 urina
763 2863 810 2910 etc.
836 2855 845 2927 Η
873 2860 943 2909 2280
967 2855 1067 2910 effusio
1092 2859 1121 2912 b:

100 2925 213 2979 effluxio
233 2925 252 2979 d
269 2925 278 2996 Η
297 2931 365 2980 2281
386 2943 442 2980 non
461 2929 499 2997 (n)
520 2928 547 2981 b:
567 2942 619 2980 nec
638 2927 657 2980 d
679 2926 688 2997 Η
707 2931 776 2980 2282
796 2932 830 2980 ca
849 2927 876 2981 b:
896 2929 956 2980 tam
976 2927 1026 2996 (td)
1049 2928 1121 2998 d(?)

172 3000 241 3049 2288
264 2998 338 3051 rubr.
363 2997 405 3051 De
430 2998 570 3053 emitriteo
595 2999 618 3052 b.
657 2999 779 3068 Epidius
800 2999 845 3052 bic
863 3000 976 3053 Petrum
996 3001 1122 3068 aequiter

101 3067 315 3135 Musuudiuum,
333 3075 365 3122 ut
378 3070 436 3137 ipsc
450 3072 491 3125 ait
503 3071 535 3124 ie
554 3085 645 3124 comm.
661 3070 694 3124 de
711 3087 754 3124 ur.
769 3087 793 3124 o.
805 3074 856 3124 171
872 3070 918 3136 (cf.
933 3069 1012 3136 iufra
1030 3075 1121 3140 app),

98 3139 157 3192 scil.
176 3140 208 3192 iu
226 3141 318 3193 cauete
332 3171 365 3180 -
380 3158 446 3195 uam
464 3143 496 3196 in
514 3142 583 3209 ipsis
600 3142 688 3210 siquis
706 3142 888 3207 Pluteariura
909 3147 940 3194 ut
957 3157 1063 3210 semper
1082 3146 1122 3209 (et

100 3211 254 3278 loannem).
282 3210 452 3266 Muecudini
470 3229 505 3267 eu
521 3228 583 3266 occe
599 3214 693 3280 potius
712 3213 865 3267 dodonam
883 3213 1005 3280 sequitur
1023 3213 1122 3280 (simul

100 3287 126 3334 ct
144 3285 268 3349 excusat)
283 3298 366 3351 quam
384 3300 418 3337 ec
435 3285 553 3352 scriptis,
573 3285 621 3352 qui
638 3285 740 3352 scripto
754 3300 850 3352 pauca
868 3284 1023 3338 tradiderit.
1053 3285 1120 3339 Pla·

100 3352 186 3405 mario
201 3359 292 3407 auum
311 3357 349 3420 (et
366 3354 508 3410 doctrinae
525 3355 647 3425 culpari)
667 3357 841 3410 consentiunt
859 3356 941 3409 etiam
960 3355 1051 3411 durae
1067 3357 1120 3411 Pe·

100 3424 225 3480 troucelli
239 3424 307 3491 (cod.
325 3426 453 3493 Medici.)
487 3443 517 3495 p.
532 3426 577 3480 De
592 3427 681 3482 Reuzi
695 3427 724 3482 0.
735 3426 762 3481 S.
773 3427 828 3492 IV,
840 3431 894 3481 309
910 3428 914 3494 Ι
930 3427 1076 3496 geminate
1090 3428 1119 3481 b:

101 3496 249 3620 geqerataD
257 3496 276 3549 d
300 3495 404 3622 lld2286
428 3497 538 3552 medius
565 3498 596 3550 fit
619 3498 725 3552 eisdem
749 3499 776 3552 b:
801 3498 965 3566 mediusque
989 3498 1020 3551 fit
1043 3497 1120 3552 idem

101 3564 135 3634 (is
157 3582 200 3620 cm
251 3569 302 3635 ar.)
