2422 3998
151 201 192 266 16
598 194 713 251 usmu

149 350 283 426 proferat
305 365 435 407 examen.
472 347 593 423 plenam
616 347 781 424 complexio
805 349 929 424 quaevis

150 438 204 498 dat
225 456 314 515 super
334 437 392 496 hoc
415 435 552 496 consulta
573 435 670 496 fidem.
707 454 855 515 praesaga
878 440 1032 502 minantur

149 527 225 586 talia
247 525 334 605 signa
355 525 483 601 malum,
506 525 614 601 capitis
637 525 768 604 vertigo,
791 526 962 604 frequenter

149 617 284 694 caligans
307 616 424 690 oculus,
447 614 543 675 omnis
566 613 674 674 diffusa
696 635 750 692 per
773 618 856 676 artus

93 726 131 764 ceo
150 704 303 783 segnities,
326 706 445 782 praeter
467 702 588 763 solitum
612 705 717 764 mortis
740 703 908 764 simulatrix

149 794 292 870 sincopis‚
316 795 448 854 occultos
472 812 549 869 quae
573 793 669 853 cordis
693 794 830 869 sincopat
853 798 946 858 ectus.

220 883 275 943 His
299 884 394 943 claret
417 881 511 960 signis
535 880 644 958 duplex
667 899 769 942 sacra
792 884 923 960 passio.
962 887 1075 947 maior

149 973 288 1050 stirpitus
312 971 461 1050 extinguit
483 989 586 1031 sensus
609 974 767 1048 motusque
790 993 843 1049 per
869 976 952 1034 artus

149 1063 318 1122 mortificat.
354 1079 440 1120 nares
464 1060 591 1132 olfactu,
613 1061 729 1120 lumina
751 1062 831 1136 visu,

92 1173 131 1212 343
149 1154 240 1229 gustu
263 1151 382 1229 lingua,
405 1168 513 1209 manus
535 1152 633 1224 tectu,
656 1150 810 1209 vocalibus
833 1153 913 1212 auris

149 1244 195 1301 est
217 1239 337 1318 privata
359 1240 448 1298 sonis.
485 1258 555 1298 nam
578 1240 690 1316 primos
712 1241 818 1300 noxius
841 1241 948 1300 humor

149 1329 331 1390 ventriculos
354 1327 467 1388 cerebri
489 1347 610 1404 prorsus
632 1329 737 1405 replet.
775 1330 891 1389 altera
912 1331 1008 1391 laedit

149 1419 269 1496 parcius
292 1437 327 1477 ex
349 1419 435 1495 parte
458 1419 584 1477 naturae
607 1437 731 1476 munera
754 1437 858 1478 sensus

149 1507 330 1583 diminuens,
355 1525 430 1584 quos
453 1525 513 1565 non
536 1526 570 1566 ex
592 1509 658 1566 tcto
682 1507 850 1584 supprimit.
888 1511 969 1569 auris

93 1619 131 1657 oso
150 1616 249 1671 voces,
272 1616 319 1656 res
341 1596 448 1674 lingua
470 1597 604 1672 sapidas,
627 1595 769 1672 visusque
792 1597 925 1657 colorum

149 1688 286 1762 neturus,
309 1685 463 1762 palpanda
485 1704 605 1760 manus,
628 1685 797 1764 fragrantia
820 1705 906 1746 neres

149 1776 322 1835 discernunt
344 1794 531 1852 quocumque
554 1775 651 1834 modo.
688 1774 740 1834 sed
763 1776 853 1834 noxia
875 1795 965 1837 causa

148 1867 179 1924 in
205 1864 302 1924 tribus
325 1867 371 1924 est
393 1866 535 1924 contenta
557 1864 643 1940 locis,
666 1868 701 1923 ut
724 1864 814 1924 ducat
836 1866 868 1923 in
892 1868 992 1925 actum

149 1959 209 2014 tres
232 1954 330 2013 morbi
352 1953 472 2032 species.
510 1972 578 2013 nam
603 1955 712 2013 vertice
737 1955 839 2013 clause
861 1958 997 2014 moratur

91 2063 130 2104 333
148 2045 287 2104 materies
312 2044 489 2121 quandoque
512 2044 598 2119 mali,
622 2043 671 2103 vel
694 2044 799 2103 noxius
822 2043 929 2102 humor

147 2135 177 2193 in
202 2134 355 2194 stomacho
379 2133 495 2207 latitat,
521 2133 569 2192 vel
592 2151 683 2192 causa
706 2133 813 2192 nocive
835 2135 957 2192 remotis

147 2223 284 2300 partibus
307 2221 463 2300 ingeritur.
500 2223 530 2279 et
552 2221 633 2280 trina
656 2239 727 2280 voce
750 2224 874 2280 notatur

148 2314 221 2371 haec
243 2311 353 2387 triplex
377 2310 498 2387 species.
541 2309 650 2386 quibus
673 2310 772 2369 estin
796 2311 905 2370 vertice
929 2313 1033 2372 clausa

148 2419 238 2461 cansa
260 2401 345 2474 mali,
368 2402 459 2476 caput
481 2399 528 2458 his
552 2398 686 2477 gravitas
710 2402 829 2459 assuete
852 2401 992 2460 molestat

92 2509 131 2547 333
148 2493 179 2549 et
201 2491 296 2550 maior
319 2507 422 2549 sensus
438 2492 528 2575 ¹tenet
550 2488 732 2565 inperfectio.
770 2508 871 2547 casum

220 2702 270 2750 333
291 2696 341 2750 dat
359 2698 387 2750 b:
407 2696 453 2749 hic
473 2714 499 2749 m
517 2694 527 2767 {l
545 2700 596 2749 341
617 2696 739 2765 sincopis
755 2699 799 2764 (ur,
819 2696 950 2764 syncopis
965 2697 992 2759 3)
1010 2703 1042 2751 ct
1063 2714 1111 2752 seru

147 2768 235 2823 333333
254 2784 320 2822 acco
338 2768 387 2834 (cf.
401 2767 467 2823 Sine.
486 2783 506 2821 3.
522 2770 560 2834 c.)

220 2862 271 2910 343
290 2857 364 2910 rubr.
380 2856 467 2925 Signa
482 2859 511 2910 et
528 2872 611 2910 cause
625 2856 739 2910 maioris
754 2856 890 2925 epilepsia
904 2858 928 2923 3,
949 2856 1036 2926 Signa
1050 2857 1111 2911 mai

148 2928 283 2998 epilensie
302 2927 354 2980 VII
372 2946 399 2982 m
414 2932 418 2997 1
435 2927 498 2981 Hiis
517 2929 560 2982 333
579 2926 588 2999 Η
607 2933 659 2982 343
679 2928 814 2995 strepitus
829 2930 887 2996 (sic)
907 2929 923 2980 3
941 2928 951 3000 ll
970 2934 1022 2982 344
1037 2927 1112 2984 offeri

150 3005 201 3054 343
220 2999 296 3053 auris
314 3017 353 3054 m:
379 3016 460 3053 auree
479 3000 496 3053 3
518 2999 602 3122 sirm
625 2999 731 3068 primos
750 3000 778 3052 b:
801 3000 909 3067 primus
932 3018 959 3053 m
981 2999 991 3071 ll
1014 3005 1065 3053 347
1089 3018 1111 3055 cr

149 3071 284 3141 epilensie
298 3070 380 3139 signa
394 3070 511 3124 minoris
547 3069 572 3122 ΙΙ
584 3088 611 3125 m
623 3074 683 3139 (oro.
695 3069 740 3142 bill
750 3075 801 3123 348
816 3087 850 3125 ex
864 3072 958 3139 parte:
974 3073 1003 3124 et
1016 3071 1077 3141 poit
1091 3074 1111 3142 (p

149 3144 198 3212 cit)
216 3143 268 3198 333.
306 3143 340 3208 cf.
356 3143 395 3195 Io.
412 3159 446 3196 ex
464 3143 524 3196 toto
543 3158 599 3196 non
618 3142 743 3195 sentiunt
762 3145 833 3210 (opp.
849 3159 882 3195 ea
901 3144 981 3210 parte
1002 3143 1111 3197 sentiun

149 3218 200 3267 343
220 3213 296 3267 auris
314 3231 353 3267 m:
373 3228 454 3267 aures
472 3214 488 3265 b
504 3214 599 3280 133333.
619 3213 765 3267 analensia
784 3215 815 3267 in
833 3230 919 3283 maro.
939 3231 965 3268 m
986 3213 995 3284 Η
1019 3218 1070 3266 330
1090 3232 1111 3269 rr

149 3282 359 3353 Cathalempsia
377 3285 409 3338 iu
422 3301 507 3354 maru.
523 3302 550 3338 m
567 3283 578 3356 ll
596 3289 645 3338 331
666 3284 810 3353 palpanda
829 3303 868 3338 m:
888 3285 940 3337 -do
960 3286 976 3339 3
994 3286 1003 3353 ll
1022 3290 1074 3339 334
1090 3303 1111 3340 er

148 3355 285 3425 epilensie
307 3374 335 3410 m
357 3355 367 3428 Η
390 3361 440 3409 333
464 3357 538 3410 mbr.
562 3357 581 3410 i.
605 3374 640 3410 m.
664 3355 809 3410 analensia
832 3374 859 3410 m
874 3355 891 3480 pl
914 3362 965 3410 333
988 3357 1064 3410 rubr.
1087 3359 1106 3410 i.

149 3427 325 3482 cathalcnsia
342 3445 369 3481 m
390 3427 400 3499 ll
423 3432 474 3481 338
493 3429 567 3483 mbr.
588 3426 675 3498 Signa
694 3427 829 3497 epilensie
847 3427 872 3480 ΙΙ
905 3445 932 3481 m
951 3430 1011 3495 (om.
1031 3429 1058 3496 3)
1080 3428 1090 3499 Η

148 3499 240 3567 capud
259 3499 315 3553 hiis
333 3517 372 3553 mr:
392 3499 495 3568 capitis
514 3500 613 3568 (capii)
633 3501 648 3553 3
669 3502 673 3568 Ι
695 3501 793 3553 asueto
811 3516 838 3552 m
858 3501 902 3567 (cs.
919 3502 981 3566 442)
1004 3499 1014 3569 ll
1036 3504 1088 3553 330
1108 3519 1111 3552 ι

147 3589 185 3625 m:
205 3571 283 3623 tonet
302 3586 398 3624 sensus
418 3571 433 3624 3
450 3575 454 3638 Ι
471 3586 567 3623 casnm
586 3588 624 3625 m:
645 3588 756 3624 causam
777 3573 860 3638 (cam)
881 3571 895 3623 3
