<?xml version="1.0" encoding="UTF-8"?>
<!DOCTYPE html PUBLIC "-//W3C//DTD XHTML 1.0 Transitional//EN"
    "http://www.w3.org/TR/xhtml1/DTD/xhtml1-transitional.dtd">
<html xmlns="http://www.w3.org/1999/xhtml" xml:lang="en" lang="en">
 <head>
  <title>
</title>
<meta http-equiv="Content-Type" content="text/html;charset=utf-8" />
  <meta name='ocr-system' content='tesseract 3.04.00' />
  <meta name='ocr-capabilities' content='ocr_page ocr_carea ocr_par ocr_line ocrx_word'/>
</head>
<body>
  <div class='ocr_page' id='page_1' title='image "./egidiicorbolien01rosegoog_0138.png"; bbox 0 0 2422 3998; ppageno 0'>
   <div class='ocr_carea' id='block_1_1' title="bbox 681 492 783 524">
    <p class='ocr_par' dir='ltr' id='par_1_1' title="bbox 681 492 783 524">
     <span class='ocr_line' id='line_1_1' title="bbox 681 492 783 524; baseline 0 0"><span class='ocrx_word' id='word_1_1' title='bbox 681 492 694 524; x_wconf 64' lang='grc' dir='ltr'><strong><em>Ο</em></strong></span> <span class='ocrx_word' id='word_1_2' title='bbox 781 520 783 524; x_wconf 76' lang='lat'><strong>.</strong></span> 
     </span>
    </p>
   </div>
   <div class='ocr_carea' id='block_1_2' title="bbox 277 687 1096 980">
    <p class='ocr_par' dir='ltr' id='par_1_2' title="bbox 277 687 1096 980">
     <span class='ocr_line' id='line_1_2' title="bbox 277 687 1096 820; baseline -0.001 0"><span class='ocrx_word' id='word_1_3' title='bbox 277 737 637 820; x_wconf 74' lang='grc'>6666111666</span> <span class='ocrx_word' id='word_1_4' title='bbox 667 716 954 820; x_wconf 72' lang='lat' dir='ltr'><strong>rossanus</strong></span> <span class='ocrx_word' id='word_1_5' title='bbox 973 687 979 760; x_wconf 73' lang='lat' dir='ltr'><em>s</em></span> <span class='ocrx_word' id='word_1_6' title='bbox 1056 713 1096 800; x_wconf 73' lang='grc' dir='ltr'><strong>Υ</strong></span> 
     </span>
     <span class='ocr_line' id='line_1_3' title="bbox 331 897 901 980; baseline -0.002 0"><span class='ocrx_word' id='word_1_7' title='bbox 331 899 407 980; x_wconf 83' lang='lat' dir='ltr'><strong>nn</strong></span> <span class='ocrx_word' id='word_1_8' title='bbox 441 897 664 980; x_wconf 76' lang='grc'>616666</span> <span class='ocrx_word' id='word_1_9' title='bbox 694 897 901 980; x_wconf 80' lang='lat' dir='ltr'><strong>PAULO.</strong></span> 
     </span>
    </p>
   </div>
   <div class='ocr_carea' id='block_1_3' title="bbox 209 1069 1024 1141">
    <p class='ocr_par' dir='ltr' id='par_1_3' title="bbox 209 1069 1024 1141">
     <span class='ocr_line' id='line_1_4' title="bbox 209 1069 1024 1141; baseline 0.004 -18"><span class='ocrx_word' id='word_1_10' title='bbox 209 1069 317 1125; x_wconf 81' lang='lat' dir='ltr'><strong>Tabula</strong></span> <span class='ocrx_word' id='word_1_11' title='bbox 337 1071 523 1139; x_wconf 88' lang='lat' dir='ltr'><strong>capitulorum</strong></span> <span class='ocrx_word' id='word_1_12' title='bbox 544 1088 578 1125; x_wconf 86' lang='lat' dir='ltr'><strong>ex</strong></span> <span class='ocrx_word' id='word_1_13' title='bbox 597 1072 657 1126; x_wconf 89' lang='lat' dir='ltr'><strong>cod.</strong></span> <span class='ocrx_word' id='word_1_14' title='bbox 672 1071 766 1140; x_wconf 87' lang='lat' dir='ltr'><strong>Ampl.</strong></span> <span class='ocrx_word' id='word_1_15' title='bbox 781 1089 827 1140; x_wconf 91' lang='lat' dir='ltr'><strong>qu.</strong></span> <span class='ocrx_word' id='word_1_16' title='bbox 843 1076 893 1125; x_wconf 74' lang='lat'><strong>207</strong></span> <span class='ocrx_word' id='word_1_17' title='bbox 914 1072 943 1141; x_wconf 80' lang='lat' dir='ltr'><strong>(f.</strong></span> <span class='ocrx_word' id='word_1_18' title='bbox 954 1073 1024 1141; x_wconf 82' lang='lat'><strong>118).</strong></span> 
     </span>
    </p>
   </div>
   <div class='ocr_carea' id='block_1_4' title="bbox 90 1247 1141 2247">
    <p class='ocr_par' dir='ltr' id='par_1_4' title="bbox 90 1247 1141 2160">
     <span class='ocr_line' id='line_1_5' title="bbox 165 1247 1140 1318; baseline 0.001 -17"><span class='ocrx_word' id='word_1_19' title='bbox 165 1248 294 1302; x_wconf 83' lang='lat' dir='ltr'><strong>Assiduis</strong></span> <span class='ocrx_word' id='word_1_20' title='bbox 330 1248 516 1317; x_wconf 74' lang='lat' dir='ltr'><strong>petitionibus</strong></span> <span class='ocrx_word' id='word_1_21' title='bbox 550 1267 595 1304; x_wconf 91' lang='lat' dir='ltr'><strong>me</strong></span> <span class='ocrx_word' id='word_1_22' title='bbox 627 1250 686 1303; x_wconf 64' lang='lat' dir='ltr'><strong>kmi</strong></span> <span class='ocrx_word' id='word_1_23' title='bbox 719 1249 917 1318; x_wconf 81' lang='lat' dir='ltr'><strong>compendiose</strong></span> <span class='ocrx_word' id='word_1_24' title='bbox 948 1247 1140 1302; x_wconf 82' lang='lat' dir='ltr'><strong>morborum</strong></span> 
     </span>
     <span class='ocr_line' id='line_1_6' title="bbox 90 1320 1139 1392; baseline 0.001 -17"><span class='ocrx_word' id='word_1_25' title='bbox 90 1321 193 1390; x_wconf 86' lang='lat' dir='ltr'><strong>signa</strong></span> <span class='ocrx_word' id='word_1_26' title='bbox 219 1336 338 1374; x_wconf 88' lang='lat' dir='ltr'><strong>causas</strong></span> <span class='ocrx_word' id='word_1_27' title='bbox 366 1322 400 1374; x_wconf 90' lang='lat' dir='ltr'><strong>et</strong></span> <span class='ocrx_word' id='word_1_28' title='bbox 427 1338 524 1375; x_wconf 88' lang='lat' dir='ltr'><strong>curas</strong></span> <span class='ocrx_word' id='word_1_29' title='bbox 550 1321 580 1375; x_wconf 89' lang='lat' dir='ltr'><strong>in</strong></span> <span class='ocrx_word' id='word_1_30' title='bbox 606 1323 741 1389; x_wconf 89' lang='lat' dir='ltr'><strong>seriptum</strong></span> <span class='ocrx_word' id='word_1_31' title='bbox 766 1322 894 1392; x_wconf 83' lang='lat' dir='ltr'><strong>redigere</strong></span> <span class='ocrx_word' id='word_1_32' title='bbox 920 1320 1029 1390; x_wconf 88' lang='lat' dir='ltr'><strong>cogitis.</strong></span> <span class='ocrx_word' id='word_1_33' title='bbox 1067 1320 1139 1376; x_wconf 90' lang='lat' dir='ltr'><strong>desi·</strong></span> 
     </span>
     <span class='ocr_line' id='line_1_7' title="bbox 91 1391 1141 1462; baseline -0.002 -16"><span class='ocrx_word' id='word_1_34' title='bbox 91 1391 179 1446; x_wconf 89' lang='lat' dir='ltr'><strong>deriis</strong></span> <span class='ocrx_word' id='word_1_35' title='bbox 205 1393 302 1459; x_wconf 88' lang='lat' dir='ltr'><strong>itaque</strong></span> <span class='ocrx_word' id='word_1_36' title='bbox 319 1392 419 1446; x_wconf 84' lang='lat' dir='ltr'><strong>vestris</strong></span> <span class='ocrx_word' id='word_1_37' title='bbox 443 1393 625 1446; x_wconf 73' lang='lat' dir='ltr'><strong>satisfaciens.</strong></span> <span class='ocrx_word' id='word_1_38' title='bbox 663 1394 737 1446; x_wconf 88' lang='lat' dir='ltr'><strong>hunc</strong></span> <span class='ocrx_word' id='word_1_39' title='bbox 762 1392 887 1448; x_wconf 89' lang='lat' dir='ltr'><strong>laborem</strong></span> <span class='ocrx_word' id='word_1_40' title='bbox 910 1393 967 1446; x_wconf 92' lang='lat' dir='ltr'><strong>leto</strong></span> <span class='ocrx_word' id='word_1_41' title='bbox 991 1391 1141 1462; x_wconf 86' lang='lat' dir='ltr'><strong>aggredior</strong></span> 
     </span>
     <span class='ocr_line' id='line_1_8' title="bbox 91 1463 1140 1534; baseline -0.001 -17"><span class='ocrx_word' id='word_1_42' title='bbox 91 1463 196 1518; x_wconf 88' lang='lat' dir='ltr'><strong>animo.</strong></span> <span class='ocrx_word' id='word_1_43' title='bbox 234 1463 413 1517; x_wconf 81' lang='lat' dir='ltr'><strong>considerans</strong></span> <span class='ocrx_word' id='word_1_44' title='bbox 439 1464 531 1532; x_wconf 91' lang='lat' dir='ltr'><strong>ipsum</strong></span> <span class='ocrx_word' id='word_1_45' title='bbox 556 1463 636 1518; x_wconf 84' lang='lat' dir='ltr'><strong>vobis</strong></span> <span class='ocrx_word' id='word_1_46' title='bbox 662 1464 745 1517; x_wconf 91' lang='lat' dir='ltr'><strong>simul</strong></span> <span class='ocrx_word' id='word_1_47' title='bbox 771 1467 800 1519; x_wconf 91' lang='lat' dir='ltr'><strong>et</strong></span> <span class='ocrx_word' id='word_1_48' title='bbox 824 1465 945 1534; x_wconf 86' lang='lat' dir='ltr'><strong>posteris</strong></span> <span class='ocrx_word' id='word_1_49' title='bbox 970 1463 1030 1518; x_wconf 85' lang='lat' dir='ltr'><strong>t&#39;ore</strong></span> <span class='ocrx_word' id='word_1_50' title='bbox 1055 1480 1140 1531; x_wconf 88' lang='lat' dir='ltr'><strong>quam</strong></span> 
     </span>
     <span class='ocr_line' id='line_1_9' title="bbox 90 1533 1140 1605; baseline 0 -17"><span class='ocrx_word' id='word_1_51' title='bbox 90 1535 215 1588; x_wconf 87' lang='lat' dir='ltr'><strong>maxime</strong></span> <span class='ocrx_word' id='word_1_52' title='bbox 241 1533 349 1588; x_wconf 89' lang='lat' dir='ltr'><strong>utilem.</strong></span> <span class='ocrx_word' id='word_1_53' title='bbox 387 1535 516 1603; x_wconf 85' lang='lat' dir='ltr'><strong>Exequar</strong></span> <span class='ocrx_word' id='word_1_54' title='bbox 539 1537 633 1589; x_wconf 87' lang='lat' dir='ltr'><strong>autem</strong></span> <span class='ocrx_word' id='word_1_55' title='bbox 657 1534 778 1590; x_wconf 88' lang='lat' dir='ltr'><strong>breviter</strong></span> <span class='ocrx_word' id='word_1_56' title='bbox 801 1537 882 1605; x_wconf 83' lang='lat' dir='ltr'><strong>signa</strong></span> <span class='ocrx_word' id='word_1_57' title='bbox 905 1538 933 1590; x_wconf 89' lang='lat' dir='ltr'><strong>et</strong></span> <span class='ocrx_word' id='word_1_58' title='bbox 956 1551 1055 1588; x_wconf 88' lang='lat' dir='ltr'><strong>causas</strong></span> <span class='ocrx_word' id='word_1_59' title='bbox 1077 1551 1140 1604; x_wconf 87' lang='lat' dir='ltr'><strong>prc-</strong></span> 
     </span>
     <span class='ocr_line' id='line_1_10' title="bbox 90 1605 1139 1676; baseline 0.001 -17"><span class='ocrx_word' id='word_1_60' title='bbox 90 1623 200 1676; x_wconf 90' lang='lat' dir='ltr'><strong>ponens</strong></span> <span class='ocrx_word' id='word_1_61' title='bbox 224 1608 252 1660; x_wconf 90' lang='lat' dir='ltr'><strong>et</strong></span> <span class='ocrx_word' id='word_1_62' title='bbox 276 1623 355 1659; x_wconf 92' lang='lat' dir='ltr'><strong>curas</strong></span> <span class='ocrx_word' id='word_1_63' title='bbox 382 1605 530 1660; x_wconf 89' lang='lat' dir='ltr'><strong>subiciens.</strong></span> <span class='ocrx_word' id='word_1_64' title='bbox 567 1608 687 1674; x_wconf 90' lang='lat' dir='ltr'><strong>ideoque</strong></span> <span class='ocrx_word' id='word_1_65' title='bbox 713 1606 922 1662; x_wconf 86' lang='lat' dir='ltr'><strong>breviarium</strong></span> <span class='ocrx_word' id='word_1_66' title='bbox 947 1605 1139 1661; x_wconf 84' lang='lat' dir='ltr'><strong>intitulavi.</strong></span> 
     </span>
     <span class='ocr_line' id='line_1_11' title="bbox 91 1676 1141 1747; baseline -0.002 -15"><span class='ocrx_word' id='word_1_67' title='bbox 91 1678 237 1732; x_wconf 87' lang='lat' dir='ltr'><strong>Dividitur</strong></span> <span class='ocrx_word' id='word_1_68' title='bbox 260 1679 354 1732; x_wconf 87' lang='lat' dir='ltr'><strong>autem</strong></span> <span class='ocrx_word' id='word_1_69' title='bbox 377 1676 450 1732; x_wconf 87' lang='lat' dir='ltr'><strong>liber</strong></span> <span class='ocrx_word' id='word_1_70' title='bbox 472 1679 526 1734; x_wconf 89' lang='lat' dir='ltr'><strong>iste</strong></span> <span class='ocrx_word' id='word_1_71' title='bbox 548 1678 579 1731; x_wconf 92' lang='lat' dir='ltr'><strong>in</strong></span> <span class='ocrx_word' id='word_1_72' title='bbox 597 1678 631 1731; x_wconf 90' lang='lat' dir='ltr'><strong>V.</strong></span> <span class='ocrx_word' id='word_1_73' title='bbox 650 1677 811 1746; x_wconf 91' lang='lat' dir='ltr'><strong>particulas.</strong></span> <span class='ocrx_word' id='word_1_74' title='bbox 850 1696 968 1747; x_wconf 89' lang='lat' dir='ltr'><strong>quarum</strong></span> <span class='ocrx_word' id='word_1_75' title='bbox 990 1677 1082 1746; x_wconf 90' lang='lat' dir='ltr'><strong>prima</strong></span> <span class='ocrx_word' id='word_1_76' title='bbox 1105 1677 1141 1731; x_wconf 91' lang='grc'><strong>(16</strong></span> 
     </span>
     <span class='ocr_line' id='line_1_12' title="bbox 92 1749 1140 1820; baseline -0.001 -16"><span class='ocrx_word' id='word_1_77' title='bbox 92 1749 182 1820; x_wconf 86' lang='lat' dir='ltr'><strong>signis</strong></span> <span class='ocrx_word' id='word_1_78' title='bbox 211 1750 239 1803; x_wconf 87' lang='lat' dir='ltr'><strong>et</strong></span> <span class='ocrx_word' id='word_1_79' title='bbox 267 1750 358 1802; x_wconf 88' lang='lat' dir='ltr'><strong>causis</strong></span> <span class='ocrx_word' id='word_1_80' title='bbox 387 1751 415 1803; x_wconf 90' lang='lat' dir='ltr'><strong>et</strong></span> <span class='ocrx_word' id='word_1_81' title='bbox 443 1750 516 1802; x_wconf 91' lang='lat' dir='ltr'><strong>curis</strong></span> <span class='ocrx_word' id='word_1_82' title='bbox 544 1749 735 1818; x_wconf 84' lang='lat' dir='ltr'><strong>egritudinum</strong></span> <span class='ocrx_word' id='word_1_83' title='bbox 763 1749 959 1803; x_wconf 85' lang='lat' dir='ltr'><strong>universaliter</strong></span> <span class='ocrx_word' id='word_1_84' title='bbox 987 1751 1140 1803; x_wconf 88' lang='lat' dir='ltr'><strong>tractatum</strong></span> 
     </span>
     <span class='ocr_line' id='line_1_13' title="bbox 92 1819 1141 1888; baseline 0 -14"><span class='ocrx_word' id='word_1_85' title='bbox 92 1821 220 1875; x_wconf 86' lang='lat' dir='ltr'><strong>continet</strong></span> <span class='ocrx_word' id='word_1_86' title='bbox 245 1823 274 1874; x_wconf 86' lang='lat' dir='ltr'><strong>et</strong></span> <span class='ocrx_word' id='word_1_87' title='bbox 299 1821 334 1873; x_wconf 89' lang='lat' dir='ltr'><strong>de</strong></span> <span class='ocrx_word' id='word_1_88' title='bbox 360 1821 544 1874; x_wconf 83' lang='lat' dir='ltr'><strong>exterioribus</strong></span> <span class='ocrx_word' id='word_1_89' title='bbox 569 1819 747 1888; x_wconf 89' lang='lat' dir='ltr'><strong>passionibus</strong></span> <span class='ocrx_word' id='word_1_90' title='bbox 775 1820 905 1888; x_wconf 90' lang='lat' dir='ltr'><strong>corporis.</strong></span> <span class='ocrx_word' id='word_1_91' title='bbox 952 1819 1080 1877; x_wconf 85' lang='lat' dir='ltr'><strong>Secunda</strong></span> <span class='ocrx_word' id='word_1_92' title='bbox 1105 1820 1141 1874; x_wconf 98' lang='grc'><strong>(16</strong></span> 
     </span>
     <span class='ocr_line' id='line_1_14' title="bbox 90 1890 1141 1962; baseline 0 -17"><span class='ocrx_word' id='word_1_93' title='bbox 90 1892 271 1962; x_wconf 88' lang='lat' dir='ltr'><strong>passionibus</strong></span> <span class='ocrx_word' id='word_1_94' title='bbox 291 1893 478 1946; x_wconf 85' lang='lat' dir='ltr'><strong>animatorum</strong></span> <span class='ocrx_word' id='word_1_95' title='bbox 496 1890 684 1946; x_wconf 88' lang='lat' dir='ltr'><strong>membrorum</strong></span> <span class='ocrx_word' id='word_1_96' title='bbox 704 1893 732 1945; x_wconf 88' lang='lat' dir='ltr'><strong>et</strong></span> <span class='ocrx_word' id='word_1_97' title='bbox 751 1891 955 1960; x_wconf 72' lang='lat' dir='ltr'><strong>spiritualium.</strong></span> <span class='ocrx_word' id='word_1_98' title='bbox 987 1891 1082 1946; x_wconf 82' lang='lat' dir='ltr'><strong>Tertia</strong></span> <span class='ocrx_word' id='word_1_99' title='bbox 1105 1892 1141 1945; x_wconf 94' lang='grc'><strong>(16</strong></span> 
     </span>
     <span class='ocr_line' id='line_1_15' title="bbox 91 1961 1140 2033; baseline 0 -17"><span class='ocrx_word' id='word_1_100' title='bbox 91 1962 271 2032; x_wconf 88' lang='lat' dir='ltr'><strong>passionibus</strong></span> <span class='ocrx_word' id='word_1_101' title='bbox 290 1964 488 2017; x_wconf 81' lang='lat' dir='ltr'><strong>nutritivamm</strong></span> <span class='ocrx_word' id='word_1_102' title='bbox 507 1963 637 2033; x_wconf 88' lang='lat' dir='ltr'><strong>partium.</strong></span> <span class='ocrx_word' id='word_1_103' title='bbox 672 1962 777 2028; x_wconf 78' lang='lat' dir='ltr'><strong>Quarta</strong></span> <span class='ocrx_word' id='word_1_104' title='bbox 796 1963 831 2016; x_wconf 91' lang='grc'><strong>(16</strong></span> <span class='ocrx_word' id='word_1_105' title='bbox 847 1961 952 2017; x_wconf 87' lang='lat' dir='ltr'><strong>morbis</strong></span> <span class='ocrx_word' id='word_1_106' title='bbox 966 1962 1140 2031; x_wconf 84' lang='lat' dir='ltr'><strong>generativo-</strong></span> 
     </span>
     <span class='ocr_line' id='line_1_16' title="bbox 91 2033 1141 2160; baseline 0 -73"><span class='ocrx_word' id='word_1_107' title='bbox 91 2052 156 2160; x_wconf 56' lang='lat' dir='ltr'><strong>rulm</strong></span> <span class='ocrx_word' id='word_1_108' title='bbox 179 2033 367 2089; x_wconf 89' lang='lat' dir='ltr'><strong>membrorum</strong></span> <span class='ocrx_word' id='word_1_109' title='bbox 393 2037 421 2088; x_wconf 89' lang='lat' dir='ltr'><strong>et</strong></span> <span class='ocrx_word' id='word_1_110' title='bbox 445 2036 502 2088; x_wconf 90' lang='lat' dir='ltr'><strong>scie</strong></span> <span class='ocrx_word' id='word_1_111' title='bbox 524 2052 658 2088; x_wconf 89' lang='lat' dir='ltr'><strong>manuum</strong></span> <span class='ocrx_word' id='word_1_112' title='bbox 682 2037 711 2089; x_wconf 85' lang='lat' dir='ltr'><strong>et</strong></span> <span class='ocrx_word' id='word_1_113' title='bbox 734 2034 845 2103; x_wconf 90' lang='lat' dir='ltr'><strong>pedum.</strong></span> <span class='ocrx_word' id='word_1_114' title='bbox 889 2033 994 2099; x_wconf 77' lang='lat' dir='ltr'><strong>Quinta</strong></span> <span class='ocrx_word' id='word_1_115' title='bbox 1015 2050 1081 2088; x_wconf 84' lang='lat' dir='ltr'><strong>vero</strong></span> <span class='ocrx_word' id='word_1_116' title='bbox 1105 2034 1141 2088; x_wconf 90' lang='lat' dir='ltr'><strong>de</strong></span> 
     </span>
     <span class='ocr_line' id='line_1_17' title="bbox 92 2107 419 2160; baseline 0.006 -1"><span class='ocrx_word' id='word_1_117' title='bbox 92 2107 122 2160; x_wconf 90' lang='lat' dir='ltr'><strong>fe</strong></span> <span class='ocrx_word' id='word_1_118' title='bbox 143 2107 228 2160; x_wconf 86' lang='lat' dir='ltr'><strong>ribus.</strong></span> <span class='ocrx_word' id='word_1_119' title='bbox 291 2137 293 2140; x_wconf 94' lang='lat'>·</span> <span class='ocrx_word' id='word_1_120' title='bbox 417 2137 419 2141; x_wconf 19' lang='grc' dir='ltr'><strong><em>π</em></strong></span> 
     </span>
    </p>

    <p class='ocr_par' dir='ltr' id='par_1_5' title="bbox 452 2176 841 2247">
     <span class='ocr_line' id='line_1_18' title="bbox 452 2176 841 2247; baseline -0.005 -15"><span class='ocrx_word' id='word_1_121' title='bbox 452 2176 624 2247; x_wconf 77' lang='lat' dir='ltr'><strong>(Capitula</strong></span> <span class='ocrx_word' id='word_1_122' title='bbox 647 2176 730 2231; x_wconf 89' lang='lat' dir='ltr'><strong>libri</strong></span> <span class='ocrx_word' id='word_1_123' title='bbox 750 2177 782 2246; x_wconf 87' lang='grc' dir='ltr'><strong>Ι.)</strong></span> <span class='ocrx_word' id='word_1_124' title='bbox 839 2177 841 2180; x_wconf 72' lang='grc'>’</span> 
     </span>
    </p>
   </div>
   <div class='ocr_carea' id='block_1_5' title="bbox 92 2281 1140 3065">
    <p class='ocr_par' dir='ltr' id='par_1_6' title="bbox 92 2281 893 2354">
     <span class='ocr_line' id='line_1_19' title="bbox 92 2281 893 2354; baseline 0.004 -16"><span class='ocrx_word' id='word_1_125' title='bbox 92 2285 135 2338; x_wconf 89' lang='lat' dir='ltr'><strong>De</strong></span> <span class='ocrx_word' id='word_1_126' title='bbox 154 2283 333 2354; x_wconf 86' lang='lat' dir='ltr'><strong>generalibus</strong></span> <span class='ocrx_word' id='word_1_127' title='bbox 352 2284 440 2354; x_wconf 87' lang='lat' dir='ltr'><strong>signis</strong></span> <span class='ocrx_word' id='word_1_128' title='bbox 460 2287 489 2339; x_wconf 86' lang='lat' dir='ltr'><strong>et</strong></span> <span class='ocrx_word' id='word_1_129' title='bbox 512 2281 605 2339; x_wconf 86' lang='lat' dir='ltr'><strong>causis</strong></span> <span class='ocrx_word' id='word_1_130' title='bbox 633 2284 674 2337; x_wconf 91' lang='lat' dir='ltr'><strong>De</strong></span> <span class='ocrx_word' id='word_1_131' title='bbox 694 2283 797 2341; x_wconf 88' lang='lat' dir='ltr'><strong>fistula.</strong></span> <span class='ocrx_word' id='word_1_132' title='bbox 890 2318 893 2323; x_wconf 88' lang='lat'><em>·</em></span> 
     </span>
    </p>

    <p class='ocr_par' dir='ltr' id='par_1_7' title="bbox 105 2354 1140 2425">
     <span class='ocr_line' id='line_1_20' title="bbox 105 2354 1140 2425; baseline -0.002 -15"><span class='ocrx_word' id='word_1_133' title='bbox 105 2387 107 2389; x_wconf 96' lang='lat'>·</span> <span class='ocrx_word' id='word_1_134' title='bbox 130 2355 330 2425; x_wconf 88' lang='lat' dir='ltr'><strong>egritudinum.</strong></span> <span class='ocrx_word' id='word_1_135' title='bbox 634 2357 675 2410; x_wconf 91' lang='lat' dir='ltr'><strong>De</strong></span> <span class='ocrx_word' id='word_1_136' title='bbox 693 2373 788 2410; x_wconf 92' lang='lat' dir='ltr'><strong>morsu</strong></span> <span class='ocrx_word' id='word_1_137' title='bbox 809 2371 1012 2413; x_wconf 75' lang='lat' dir='ltr'><strong>venenosorum</strong></span> <span class='ocrx_word' id='word_1_138' title='bbox 1034 2354 1140 2408; x_wconf 92' lang='lat' dir='ltr'><strong>anima·</strong></span> 
     </span>
    </p>

    <p class='ocr_par' dir='ltr' id='par_1_8' title="bbox 93 2426 1140 2498">
     <span class='ocr_line' id='line_1_21' title="bbox 93 2426 1140 2498; baseline 0 -18"><span class='ocrx_word' id='word_1_139' title='bbox 93 2427 135 2481; x_wconf 92' lang='lat' dir='ltr'><strong>De</strong></span> <span class='ocrx_word' id='word_1_140' title='bbox 154 2427 334 2498; x_wconf 89' lang='lat' dir='ltr'><strong>generalibus</strong></span> <span class='ocrx_word' id='word_1_141' title='bbox 354 2428 435 2480; x_wconf 89' lang='lat' dir='ltr'><strong>curis.</strong></span> <span class='ocrx_word' id='word_1_142' title='bbox 566 2448 568 2450; x_wconf 59' lang='grc'>’</span> <span class='ocrx_word' id='word_1_143' title='bbox 669 2426 737 2480; x_wconf 90' lang='lat' dir='ltr'><strong>lium</strong></span> <span class='ocrx_word' id='word_1_144' title='bbox 754 2428 782 2480; x_wconf 96' lang='lat' dir='ltr'><strong>et</strong></span> <span class='ocrx_word' id='word_1_145' title='bbox 800 2426 934 2495; x_wconf 89' lang='lat' dir='ltr'><strong>precipue</strong></span> <span class='ocrx_word' id='word_1_146' title='bbox 949 2426 1026 2480; x_wconf 90' lang='lat' dir='ltr'><strong>canis</strong></span> <span class='ocrx_word' id='word_1_147' title='bbox 1039 2426 1140 2481; x_wconf 88' lang='lat' dir='ltr'><strong>rabidi.</strong></span> 
     </span>
    </p>

    <p class='ocr_par' dir='ltr' id='par_1_9' title="bbox 93 2498 1140 2568">
     <span class='ocr_line' id='line_1_22' title="bbox 93 2498 1140 2568; baseline -0.002 -15"><span class='ocrx_word' id='word_1_148' title='bbox 93 2499 135 2553; x_wconf 88' lang='lat' dir='ltr'><strong>Dc</strong></span> <span class='ocrx_word' id='word_1_149' title='bbox 153 2499 290 2553; x_wconf 85' lang='lat' dir='ltr'><strong>varietate</strong></span> <span class='ocrx_word' id='word_1_150' title='bbox 309 2499 460 2568; x_wconf 89' lang='lat' dir='ltr'><strong>signorum.</strong></span> <span class='ocrx_word' id='word_1_151' title='bbox 633 2498 674 2551; x_wconf 87' lang='lat' dir='ltr'><strong>De</strong></span> <span class='ocrx_word' id='word_1_152' title='bbox 697 2498 826 2552; x_wconf 86' lang='lat' dir='ltr'><strong>incendio</strong></span> <span class='ocrx_word' id='word_1_153' title='bbox 849 2498 924 2568; x_wconf 88' lang='lat' dir='ltr'><strong>ignis</strong></span> <span class='ocrx_word' id='word_1_154' title='bbox 948 2499 976 2551; x_wconf 88' lang='lat' dir='ltr'><strong>et</strong></span> <span class='ocrx_word' id='word_1_155' title='bbox 1000 2514 1072 2565; x_wconf 88' lang='lat' dir='ltr'><strong>aque</strong></span> <span class='ocrx_word' id='word_1_156' title='bbox 1096 2513 1140 2551; x_wconf 90' lang='lat' dir='ltr'><strong>oa-</strong></span> 
     </span>
    </p>

    <p class='ocr_par' dir='ltr' id='par_1_10' title="bbox 92 2569 733 2628">
     <span class='ocr_line' id='line_1_23' title="bbox 92 2569 733 2628; baseline -0.002 -4"><span class='ocrx_word' id='word_1_157' title='bbox 92 2571 136 2624; x_wconf 91' lang='lat' dir='ltr'><strong>De</strong></span> <span class='ocrx_word' id='word_1_158' title='bbox 151 2569 289 2625; x_wconf 86' lang='lat' dir='ltr'><strong>varietate</strong></span> <span class='ocrx_word' id='word_1_159' title='bbox 306 2586 442 2623; x_wconf 87' lang='lat' dir='ltr'><strong>curarum.</strong></span> <span class='ocrx_word' id='word_1_160' title='bbox 668 2570 733 2628; x_wconf 88' lang='lat' dir='ltr'><strong>lide.</strong></span> 
     </span>
    </p>

    <p class='ocr_par' dir='ltr' id='par_1_11' title="bbox 93 2640 813 2712">
     <span class='ocr_line' id='line_1_24' title="bbox 93 2640 813 2712; baseline -0.003 -17"><span class='ocrx_word' id='word_1_161' title='bbox 93 2643 136 2695; x_wconf 89' lang='lat' dir='ltr'><strong>Dc</strong></span> <span class='ocrx_word' id='word_1_162' title='bbox 154 2641 379 2712; x_wconf 88' lang='lat' dir='ltr'><strong>purgationibus.</strong></span> <span class='ocrx_word' id='word_1_163' title='bbox 633 2640 675 2694; x_wconf 91' lang='lat' dir='ltr'><strong>De</strong></span> <span class='ocrx_word' id='word_1_164' title='bbox 692 2640 813 2695; x_wconf 83' lang='lat' dir='ltr'><strong>variolis.</strong></span> 
     </span>
    </p>

    <p class='ocr_par' dir='ltr' id='par_1_12' title="bbox 93 2711 795 2767">
     <span class='ocr_line' id='line_1_25' title="bbox 93 2711 795 2767; baseline -0.004 0"><span class='ocrx_word' id='word_1_165' title='bbox 93 2714 136 2767; x_wconf 86' lang='lat' dir='ltr'><strong>De</strong></span> <span class='ocrx_word' id='word_1_166' title='bbox 155 2711 376 2767; x_wconf 87' lang='lat' dir='ltr'><strong>collectionibus.</strong></span> <span class='ocrx_word' id='word_1_167' title='bbox 633 2711 674 2765; x_wconf 91' lang='lat' dir='ltr'><strong>De</strong></span> <span class='ocrx_word' id='word_1_168' title='bbox 694 2712 795 2765; x_wconf 88' lang='lat' dir='ltr'><strong>scabie.</strong></span> 
     </span>
    </p>

    <p class='ocr_par' dir='ltr' id='par_1_13' title="bbox 94 2781 839 2851">
     <span class='ocr_line' id='line_1_26' title="bbox 94 2781 839 2851; baseline -0.001 -13"><span class='ocrx_word' id='word_1_169' title='bbox 94 2785 136 2838; x_wconf 89' lang='lat' dir='ltr'><strong>De</strong></span> <span class='ocrx_word' id='word_1_170' title='bbox 155 2801 222 2838; x_wconf 91' lang='lat' dir='ltr'><strong>cura</strong></span> <span class='ocrx_word' id='word_1_171' title='bbox 239 2784 444 2839; x_wconf 87' lang='lat' dir='ltr'><strong>collectionum.</strong></span> <span class='ocrx_word' id='word_1_172' title='bbox 633 2783 674 2836; x_wconf 90' lang='lat' dir='ltr'><strong>De</strong></span> <span class='ocrx_word' id='word_1_173' title='bbox 693 2781 839 2851; x_wconf 88' lang='lat' dir='ltr'><strong>pediculis.</strong></span> 
     </span>
    </p>

    <p class='ocr_par' dir='ltr' id='par_1_14' title="bbox 94 2853 987 2924">
     <span class='ocr_line' id='line_1_27' title="bbox 94 2853 987 2924; baseline -0.003 -14"><span class='ocrx_word' id='word_1_174' title='bbox 94 2857 136 2910; x_wconf 88' lang='lat' dir='ltr'><strong>Dc</strong></span> <span class='ocrx_word' id='word_1_175' title='bbox 156 2873 222 2909; x_wconf 90' lang='lat' dir='ltr'><strong>cura</strong></span> <span class='ocrx_word' id='word_1_176' title='bbox 242 2858 456 2924; x_wconf 85' lang='lat' dir='ltr'><strong>apostematum.</strong></span> <span class='ocrx_word' id='word_1_177' title='bbox 633 2855 675 2908; x_wconf 87' lang='lat' dir='ltr'><strong>De</strong></span> <span class='ocrx_word' id='word_1_178' title='bbox 694 2854 772 2922; x_wconf 89' lang='lat' dir='ltr'><strong>lepra</strong></span> <span class='ocrx_word' id='word_1_179' title='bbox 791 2855 820 2908; x_wconf 86' lang='lat' dir='ltr'><strong>et</strong></span> <span class='ocrx_word' id='word_1_180' title='bbox 839 2853 987 2922; x_wconf 87' lang='lat' dir='ltr'><strong>serpigine.</strong></span> 
     </span>
    </p>

    <p class='ocr_par' dir='ltr' id='par_1_15' title="bbox 94 2924 1068 3065">
     <span class='ocr_line' id='line_1_28' title="bbox 94 2924 1068 2995; baseline -0.003 -15"><span class='ocrx_word' id='word_1_181' title='bbox 94 2928 136 2982; x_wconf 91' lang='lat' dir='ltr'><strong>De</strong></span> <span class='ocrx_word' id='word_1_182' title='bbox 154 2926 318 2981; x_wconf 83' lang='lat' dir='ltr'><strong>vulneribus</strong></span> <span class='ocrx_word' id='word_1_183' title='bbox 333 2928 361 2981; x_wconf 89' lang='lat' dir='ltr'><strong>et</strong></span> <span class='ocrx_word' id='word_1_184' title='bbox 376 2925 560 2980; x_wconf 90' lang='lat' dir='ltr'><strong>incisionibus</strong></span> <span class='ocrx_word' id='word_1_185' title='bbox 577 2927 606 2980; x_wconf 87' lang='lat' dir='ltr'><strong>et</strong></span> <span class='ocrx_word' id='word_1_186' title='bbox 632 2927 675 2980; x_wconf 87' lang='lat' dir='ltr'><strong>De</strong></span> <span class='ocrx_word' id='word_1_187' title='bbox 694 2925 828 2993; x_wconf 88' lang='lat' dir='ltr'><strong>morphea</strong></span> <span class='ocrx_word' id='word_1_188' title='bbox 847 2926 876 2978; x_wconf 89' lang='lat' dir='ltr'><strong>et</strong></span> <span class='ocrx_word' id='word_1_189' title='bbox 893 2924 1068 2995; x_wconf 86' lang='lat' dir='ltr'><strong>impetigine.</strong></span> 
     </span>
     <span class='ocr_line' id='line_1_29' title="bbox 131 2997 979 3065; baseline -0.002 -13"><span class='ocrx_word' id='word_1_190' title='bbox 131 2998 206 3052; x_wconf 87' lang='lat' dir='ltr'><strong>mala</strong></span> <span class='ocrx_word' id='word_1_191' title='bbox 225 3015 307 3052; x_wconf 89' lang='lat' dir='ltr'><strong>carne</strong></span> <span class='ocrx_word' id='word_1_192' title='bbox 325 2998 479 3052; x_wconf 87' lang='lat' dir='ltr'><strong>vulnerum.</strong></span> <span class='ocrx_word' id='word_1_193' title='bbox 633 2997 674 3051; x_wconf 93' lang='lat' dir='ltr'><strong>De</strong></span> <span class='ocrx_word' id='word_1_194' title='bbox 693 2997 784 3065; x_wconf 91' lang='lat' dir='ltr'><strong>porris</strong></span> <span class='ocrx_word' id='word_1_195' title='bbox 803 2997 831 3050; x_wconf 87' lang='lat' dir='ltr'><strong>et</strong></span> <span class='ocrx_word' id='word_1_196' title='bbox 848 2997 979 3050; x_wconf 86' lang='lat' dir='ltr'><strong>verrucis.</strong></span> 
     </span>
    </p>
   </div>
   <div class='ocr_carea' id='block_1_6' title="bbox 93 3083 1141 3299">
    <p class='ocr_par' dir='ltr' id='par_1_16' title="bbox 93 3083 1141 3299">
     <span class='ocr_line' id='line_1_30' title="bbox 167 3083 1141 3158; baseline -0.003 -18"><span class='ocrx_word' id='word_1_197' title='bbox 167 3088 274 3157; x_wconf 70' lang='grc'>(1168)</span> <span class='ocrx_word' id='word_1_198' title='bbox 302 3087 455 3155; x_wconf 91' lang='lat' dir='ltr'><strong>Postquam</strong></span> <span class='ocrx_word' id='word_1_199' title='bbox 488 3087 690 3158; x_wconf 88' lang='lat' dir='ltr'><strong>assignavimus</strong></span> <span class='ocrx_word' id='word_1_200' title='bbox 723 3087 758 3139; x_wconf 90' lang='grc'><strong>(16</strong></span> <span class='ocrx_word' id='word_1_201' title='bbox 789 3085 972 3139; x_wconf 81' lang='lat' dir='ltr'><strong>exterioribus</strong></span> <span class='ocrx_word' id='word_1_202' title='bbox 1004 3083 1141 3153; x_wconf 88' lang='lat' dir='ltr'><strong>passioni-</strong></span> 
     </span>
     <span class='ocr_line' id='line_1_31' title="bbox 93 3156 1140 3227; baseline -0.002 -14"><span class='ocrx_word' id='word_1_203' title='bbox 93 3161 147 3213; x_wconf 91' lang='lat' dir='ltr'><strong>bus</strong></span> <span class='ocrx_word' id='word_1_204' title='bbox 173 3175 227 3226; x_wconf 88' lang='lat' dir='ltr'><strong>que</strong></span> <span class='ocrx_word' id='word_1_205' title='bbox 253 3159 283 3212; x_wconf 91' lang='lat' dir='ltr'><strong>in</strong></span> <span class='ocrx_word' id='word_1_206' title='bbox 307 3161 367 3212; x_wconf 91' lang='lat' dir='ltr'><strong>toto</strong></span> <span class='ocrx_word' id='word_1_207' title='bbox 392 3174 507 3227; x_wconf 88' lang='lat' dir='ltr'><strong>corpore</strong></span> <span class='ocrx_word' id='word_1_208' title='bbox 530 3159 592 3212; x_wconf 90' lang='lat' dir='ltr'><strong>fieri</strong></span> <span class='ocrx_word' id='word_1_209' title='bbox 617 3159 734 3227; x_wconf 90' lang='lat' dir='ltr'><strong>possunt</strong></span> <span class='ocrx_word' id='word_1_210' title='bbox 758 3156 931 3226; x_wconf 87' lang='lat' dir='ltr'><strong>assignemus</strong></span> <span class='ocrx_word' id='word_1_211' title='bbox 957 3156 992 3209; x_wconf 91' lang='lat' dir='ltr'><strong>de</strong></span> <span class='ocrx_word' id='word_1_212' title='bbox 1016 3156 1060 3208; x_wconf 91' lang='lat' dir='ltr'><strong>his</strong></span> <span class='ocrx_word' id='word_1_213' title='bbox 1086 3172 1140 3224; x_wconf 91' lang='lat' dir='ltr'><strong>que</strong></span> 
     </span>
     <span class='ocr_line' id='line_1_32' title="bbox 94 3227 1035 3299; baseline -0.005 -13"><span class='ocrx_word' id='word_1_214' title='bbox 94 3233 125 3286; x_wconf 88' lang='lat' dir='ltr'><strong>in</strong></span> <span class='ocrx_word' id='word_1_215' title='bbox 144 3230 314 3299; x_wconf 89' lang='lat' dir='ltr'><strong>quibusdam</strong></span> <span class='ocrx_word' id='word_1_216' title='bbox 332 3232 442 3283; x_wconf 90' lang='lat' dir='ltr'><strong>tantum</strong></span> <span class='ocrx_word' id='word_1_217' title='bbox 461 3229 589 3298; x_wconf 85' lang='lat' dir='ltr'><strong>partibus</strong></span> <span class='ocrx_word' id='word_1_218' title='bbox 607 3231 678 3284; x_wconf 85' lang='lat' dir='ltr'><strong>fiant</strong></span> <span class='ocrx_word' id='word_1_219' title='bbox 696 3232 724 3283; x_wconf 91' lang='lat' dir='ltr'><strong>et</strong></span> <span class='ocrx_word' id='word_1_220' title='bbox 742 3229 833 3297; x_wconf 89' lang='lat' dir='ltr'><strong>primo</strong></span> <span class='ocrx_word' id='word_1_221' title='bbox 853 3227 888 3281; x_wconf 87' lang='lat' dir='ltr'><strong>de</strong></span> <span class='ocrx_word' id='word_1_222' title='bbox 905 3227 1035 3297; x_wconf 88' lang='lat' dir='ltr'><strong>pustulis.</strong></span> 
     </span>
    </p>
   </div>
   <div class='ocr_carea' id='block_1_7' title="bbox 94 3315 1140 3661">
    <p class='ocr_par' dir='ltr' id='par_1_17' title="bbox 94 3315 1140 3459">
     <span class='ocr_line' id='line_1_33' title="bbox 94 3315 1140 3388; baseline -0.004 -14"><span class='ocrx_word' id='word_1_223' title='bbox 94 3322 137 3375; x_wconf 91' lang='lat' dir='ltr'><strong>De</strong></span> <span class='ocrx_word' id='word_1_224' title='bbox 155 3320 278 3388; x_wconf 89' lang='lat' dir='ltr'><strong>pustulis</strong></span> <span class='ocrx_word' id='word_1_225' title='bbox 298 3319 408 3388; x_wconf 88' lang='lat' dir='ltr'><strong>capitis.</strong></span> <span class='ocrx_word' id='word_1_226' title='bbox 429 3322 430 3327; x_wconf 76' lang='grc'>’</span> <span class='ocrx_word' id='word_1_227' title='bbox 632 3319 674 3373; x_wconf 88' lang='lat' dir='ltr'><strong>De</strong></span> <span class='ocrx_word' id='word_1_228' title='bbox 684 3317 812 3372; x_wconf 79' lang='lat' dir='ltr'><strong>scrofulis</strong></span> <span class='ocrx_word' id='word_1_229' title='bbox 822 3318 851 3370; x_wconf 91' lang='lat' dir='ltr'><strong>et</strong></span> <span class='ocrx_word' id='word_1_230' title='bbox 860 3316 952 3370; x_wconf 91' lang='lat' dir='ltr'><strong>botrio</strong></span> <span class='ocrx_word' id='word_1_231' title='bbox 961 3318 1007 3385; x_wconf 87' lang='lat' dir='ltr'><strong>(al.</strong></span> <span class='ocrx_word' id='word_1_232' title='bbox 1014 3315 1094 3370; x_wconf 89' lang='lat' dir='ltr'><strong>bocio</strong></span> <span class='ocrx_word' id='word_1_233' title='bbox 1105 3317 1140 3384; x_wconf 71' lang='lat' dir='ltr'><strong>cf.</strong></span> 
     </span>
     <span class='ocr_line' id='line_1_34' title="bbox 94 3387 984 3459; baseline -0.006 -13"><span class='ocrx_word' id='word_1_234' title='bbox 94 3393 137 3446; x_wconf 91' lang='lat' dir='ltr'><strong>De</strong></span> <span class='ocrx_word' id='word_1_235' title='bbox 156 3390 312 3445; x_wconf 74' lang='lat' dir='ltr'><strong>sinfuribns</strong></span> <span class='ocrx_word' id='word_1_236' title='bbox 332 3391 442 3459; x_wconf 90' lang='lat' dir='ltr'><strong>capitis.</strong></span> <span class='ocrx_word' id='word_1_237' title='bbox 668 3391 719 3444; x_wconf 80' lang='lat' dir='ltr'><strong>Dc</strong></span> <span class='ocrx_word' id='word_1_238' title='bbox 738 3387 984 3458; x_wconf 69' lang='grc'>0669661666).</span> 
     </span>
    </p>

    <p class='ocr_par' dir='ltr' id='par_1_18' title="bbox 94 3458 991 3531">
     <span class='ocr_line' id='line_1_35' title="bbox 94 3458 991 3531; baseline -0.006 -14"><span class='ocrx_word' id='word_1_239' title='bbox 94 3465 137 3517; x_wconf 91' lang='lat' dir='ltr'><strong>De</strong></span> <span class='ocrx_word' id='word_1_240' title='bbox 157 3480 223 3516; x_wconf 90' lang='lat' dir='ltr'><strong>casu</strong></span> <span class='ocrx_word' id='word_1_241' title='bbox 243 3463 417 3531; x_wconf 89' lang='lat' dir='ltr'><strong>capillorum.</strong></span> <span class='ocrx_word' id='word_1_242' title='bbox 634 3462 674 3515; x_wconf 91' lang='lat' dir='ltr'><strong>De</strong></span> <span class='ocrx_word' id='word_1_243' title='bbox 693 3462 783 3515; x_wconf 86' lang='lat' dir='ltr'><strong>fetore</strong></span> <span class='ocrx_word' id='word_1_244' title='bbox 802 3458 853 3513; x_wconf 91' lang='lat' dir='ltr'><strong>sub</strong></span> <span class='ocrx_word' id='word_1_245' title='bbox 873 3458 991 3513; x_wconf 89' lang='lat' dir='ltr'><strong>ascellis.</strong></span> 
     </span>
    </p>

    <p class='ocr_par' dir='ltr' id='par_1_19' title="bbox 94 3530 1122 3661">
     <span class='ocr_line' id='line_1_36' title="bbox 94 3530 1122 3603; baseline -0.004 -15"><span class='ocrx_word' id='word_1_246' title='bbox 94 3535 137 3589; x_wconf 87' lang='lat' dir='ltr'><strong>De</strong></span> <span class='ocrx_word' id='word_1_247' title='bbox 156 3536 258 3588; x_wconf 90' lang='lat' dir='ltr'><strong>ornatu</strong></span> <span class='ocrx_word' id='word_1_248' title='bbox 276 3534 453 3603; x_wconf 85' lang='lat' dir='ltr'><strong>capillorum.</strong></span> <span class='ocrx_word' id='word_1_249' title='bbox 632 3532 674 3586; x_wconf 92' lang='lat' dir='ltr'><strong>De</strong></span> <span class='ocrx_word' id='word_1_250' title='bbox 693 3533 945 3585; x_wconf 80' lang='lat' dir='ltr'><strong>fissura&#39;mannum</strong></span> <span class='ocrx_word' id='word_1_251' title='bbox 964 3532 993 3584; x_wconf 90' lang='lat' dir='ltr'><strong>et</strong></span> <span class='ocrx_word' id='word_1_252' title='bbox 1010 3530 1122 3599; x_wconf 90' lang='lat' dir='ltr'><strong>pedum.</strong></span> 
     </span>
     <span class='ocr_line' id='line_1_37' title="bbox 95 3606 368 3661; baseline 0 -1"><span class='ocrx_word' id='word_1_253' title='bbox 95 3607 137 3661; x_wconf 94' lang='lat' dir='ltr'><strong>De</strong></span> <span class='ocrx_word' id='word_1_254' title='bbox 157 3609 259 3660; x_wconf 89' lang='lat' dir='ltr'><strong>ornatu</strong></span> <span class='ocrx_word' id='word_1_255' title='bbox 276 3606 368 3660; x_wconf 84' lang='lat' dir='ltr'><strong>faciei.</strong></span> 
     </span>
    </p>
   </div>
   <div class='ocr_carea' id='block_1_8' title="bbox 0 0 1224 3998">
    <p class='ocr_par' dir='ltr' id='par_1_20' title="bbox 0 0 1224 3998">
     <span class='ocr_line' id='line_1_38' title="bbox 0 0 1224 3998; baseline 0 0"><span class='ocrx_word' id='word_1_256' title='bbox 0 0 1224 3998; x_wconf 95' lang='lat' dir='ltr'><strong> </strong></span> 
     </span>
    </p>
   </div>
  </div>
 </body>
</html>
