2422 3998
129 196 171 262 68
581 189 695 245 soron

129 345 283 422 palpantis
307 342 418 420 digitos
441 341 578 403 inviscat.
623 340 811 419 Frigiditatis

129 434 234 494 effectu
258 431 284 492 si
307 431 447 492 deficiant
469 432 541 492 haec
565 431 680 506 debita,
704 431 802 508 pallor

58 535 66 544 '
130 521 275 600 corporis,
298 523 387 581 urina
409 522 508 581 tenuis
532 521 663 597 spoliata
686 521 796 595 colore,

130 612 247 688 sopitur
268 602 380 673 ventris
403 613 515 684 motus,
538 608 712 686 praecordia
735 609 884 686 stringens

59 716 112 757 1666
131 703 216 778 algor
239 700 396 760 sensibilis.
431 702 564 775 tempus,
588 699 766 775 complexio,
789 697 854 757 vita

132 794 223 866 atque
246 790 329 849 locus
352 789 422 847 fidei
445 807 521 865 quae
545 792 616 848 sunt
639 787 791 848 obstantia
813 786 934 846 tollunt.

201 879 319 938 Mutato
344 877 524 955 quandoque
549 878 619 936 stilo
642 876 731 936 fluit
752 874 981 935 inmoderato

131 969 235 1028 fluxu
258 968 445 1027 matricem
468 967 637 1045 depurgans
662 965 792 1044 sanguis.
831 968 861 1026 et
882 963 972 1024 huius

130 1057 279 1136 flegmatis
302 1061 347 1116 ost
370 1075 460 1116 causa
482 1075 543 1114 non
565 1075 730 1130 numquam
753 1056 839 1131 copia
862 1073 953 1114 venas

60 1161 113 1202 1666
132 1147 319 1223 abrumpens.
356 1148 429 1204 nota
451 1145 486 1204 fit
509 1164 598 1221 super
620 1146 676 1203 hoc
700 1145 864 1220 complexio
888 1144 976 1221 signa

132 1235 287 1314 sanguinis
309 1234 477 1309 includens,
501 1254 645 1294 venarum
667 1234 815 1310 plectora,
838 1234 931 1309 longa

132 1326 208 1400 otia,
231 1323 451 1401 transgrediens
474 1343 645 1383 mensuram
668 1324 759 1400 longa
782 1322 896 1396 diaeta,

132 1414 252 1473 uberior
273 1412 372 1473 fluxus
394 1413 516 1487 rubeus,
540 1414 622 1472 color
643 1413 749 1489 igneus
773 1413 842 1472 oris.

132 1504 221 1562 Hunc
243 1501 355 1560 fluxum
379 1501 559 1579 quandoque
582 1503 657 1561 facit
680 1521 747 1560 cum
770 1502 915 1579 sanguino
937 1499 1050 1560 mixtae

62 1594 221 1669 moignes
244 1591 289 1651 vis
313 1592 440 1666 colerae,
465 1610 556 1667 quam
578 1592 799 1667 prorumpentis
823 1609 948 1650 acumen

133 1681 288 1758 sanguinis
312 1682 433 1741 accusat
455 1679 526 1738 dum
550 1699 643 1739 venae
665 1678 812 1739 mordioat
834 1698 900 1754 ora,

134 1773 164 1830 et
187 1771 269 1830 color
292 1770 390 1830 affinis
415 1788 530 1844 crocco,
553 1771 713 1829 macilenta
732 1769 830 1846 figura

134 1859 278 1936 corporis,
303 1859 426 1920 affectus
449 1861 551 1919 vultus
574 1859 750 1932 ferventior,
774 1858 833 1918 oris

134 1949 236 2009 citrini
258 1949 356 2009 tenuis
379 1949 513 2024 habitus,
538 1949 701 2025 complexio
725 1949 804 2007 sicca

64 2051 115 2092 1666
134 2043 164 2098 et
187 2040 302 2097 colerae
324 2039 434 2097 rubeae
457 2038 626 2117 generatrix
649 2038 735 2115 larga
758 2036 859 2095 diaeta

135 2132 166 2187 et
188 2128 270 2186 calor
293 2128 433 2187 aestivus.
470 2127 580 2187 fluidus
605 2127 785 2203 quaudoque
807 2125 920 2184 fluenta

133 2219 207 2276 haec
230 2219 354 2294 generat
376 2216 507 2294 sanguis.
545 2235 634 2290 super
655 2217 712 2274 hoo
734 2214 791 2273 tibi
815 2212 937 2292 sanguis
962 2232 1099 2292 aquosus

135 2308 222 2383 signa
246 2304 342 2380 dabit,
365 2304 464 2364 laticis
488 2304 573 2362 fluidi
597 2305 648 2380 qui
671 2305 768 2363 clarus
792 2304 951 2362 adinstar

134 2395 268 2453 fluctuat.
304 2394 351 2454 his
375 2393 461 2452 testis
485 2392 601 2452 accedit
623 2412 738 2469 aquosa
761 2392 874 2464 diaeta,

65 2497 117 2537 1⁶20
135 2483 233 2542 verius
257 2483 326 2541 inde
348 2482 438 2541 fldem
461 2483 624 2560 complexio
648 2482 804 2558 praedicat
826 2483 893 2541 uda.

135 2575 200 2650 lege
224 2572 389 2631 retentivae
412 2573 494 2632 laesa
517 2571 639 2631 virtutis
662 2572 766 2631 haberi

135 2662 204 2721 inde
227 2661 300 2720 fides
324 2663 448 2739 poterit,
471 2662 545 2737 quia
567 2663 656 2721 victis
679 2661 792 2720 viribus
817 2661 877 2719 oris

136 2753 253 2829 plenius
277 2752 423 2811 exhausto
446 2750 575 2810 tabescit
598 2770 720 2825 corpore
744 2751 848 2809 virtus,

209 2840 378 2900 Suffooat
401 2843 431 2899 et
453 2840 547 2900 laedit
570 2839 641 2897 dum
665 2858 783 2898 sursum
807 2839 940 2909 tollitur,
963 2836 1043 2896 unde

66 2941 118 2982 ruo
136 2931 237 3006 passio
260 2949 367 2989 nomen
390 2929 495 3002 habet,
517 2932 661 3000 matrix,
685 2929 757 2986 dnm
779 2927 902 3006 turgida
925 2929 1025 2986 motus

137 3017 293 3077 abbreviat
315 3018 412 3078 cordis
436 3021 466 3078 et
490 3018 561 3076 dum
584 3018 704 3077 sublata
727 3021 843 3077 meatus

137 3109 289 3184 pulmonis
313 3107 443 3183 cohibet,
467 3108 538 3166 dum
562 3109 685 3183 sanguis
709 3110 880 3166 menstruus
905 3104 967 3163 eius

211 3239 278 3288 1652
297 3234 372 3288 rubr.
396 3233 438 3287 De
461 3232 537 3286 fluxu
560 3232 647 3285 nimio
672 3221 700 3285 Μ
723 3234 739 3287 b
761 3232 771 3305 ll
795 3236 864 3285 1663
884 3219 991 3299 ceptus
1015 3231 1030 3283 b
1053 3228 1063 3301 ll
1088 3236 1164 3287 1654

138 3347 257 3402 1611161
272 3351 287 3403 6
306 3349 316 3421 ιι
335 3346 637 3416 166611666616616
654 3348 669 3402 6
687 3347 697 3420 p
717 3353 785 3401 1666
801 3346 928 3402 111616
944 3345 954 3417 p
971 3351 1039 3400 1661
1054 3314 1072 3398 i
1090 3346 1163 3416 (161)

139 3420 154 3472 o
172 3420 182 3501 ll
201 3426 270 3474 1616
289 3422 358 3474 uda:
377 3422 453 3475 vnda
471 3422 530 3488 (sic)
550 3421 566 3472 6
586 3419 595 3491 Η
618 3425 684 3474 1661
705 3421 739 3486 cf.
755 3420 854 3474 Barth.
870 3419 899 3474 0.
915 3418 942 3473 S.
960 3417 991 3483 V,
1004 3420 1040 3471 35
1057 3416 1067 3489 14
1087 3424 1163 3474 1611

139 3507 206 3544 ons:
226 3493 245 3545 i.
261 3494 361 3561 orisieii
379 3493 503 3547 matricis
521 3494 565 3557 (ut
582 3509 606 3545 o.
623 3495 705 3558 1658)

212 3568 280 3616 1674
298 3565 373 3618 rubr.
393 3563 434 3618 De
454 3561 640 3616 suffocacione
659 3562 785 3616 matricis
805 3562 820 3616 b
840 3561 885 3630 (cs.
904 3559 1033 3615 Prolatae
1053 3575 1074 3613 c.
1088 3564 1119 3628 4)
