2422 3998
95 180 138 245 56
546 175 660 231 soron

96 328 271 403 incendens,
294 345 434 387 succensa
457 328 571 387 micans
595 327 690 388 urina.
728 331 852 388 notatur

95 416 206 476 indicio
229 415 323 476 simili
346 416 461 476 colerae
484 415 592 476 rubeae
616 417 797 477 dominantis

95 504 216 566 ubertas
240 506 392 583 nimiaque
415 507 468 566 siti
490 506 643 582 macieque
667 525 820 583 suprema,

96 613 183 654 exoso
207 597 298 673 gustu
320 595 441 674 linguae
465 595 633 673 capitisque
656 596 771 670 dolore,

26 703 78 742 ruo
96 683 178 743 auris
200 684 327 759 tinnitu,
350 685 446 763 pigris
469 684 622 744 effectibus
646 703 743 760 escae,

96 774 205 852 egestis
229 775 344 834 colerae
367 774 488 851 signum
511 773 701 850 portantibus
725 776 817 852 atque

97 863 247 923 consimili
269 864 394 923 vomitu.
431 863 458 922 si
479 880 570 939 porus
594 864 678 923 cistis
702 882 837 924 amaram

96 951 303 1012 transmittens
327 953 457 1012 coleram
479 953 632 1012 stomacho
657 952 886 1031 constringitur,
909 953 971 1011 ima

96 1041 164 1118 plus
187 1044 220 1100 in
242 1043 329 1118 parte
353 1040 437 1101 sedet
460 1041 541 1101 color
564 1043 699 1102 aemulus
723 1044 754 1101 et
776 1041 921 1103 nichilum
943 1045 1018 1103 tuno

27 1146 78 1186 1³45
97 1132 150 1190 aut
172 1130 323 1190 modicum
346 1129 446 1208 capiet
468 1149 537 1208 pars
562 1132 645 1208 aegri
669 1132 802 1208 corporis
826 1131 904 1191 altas

97 1220 218 1281 verticis
243 1219 394 1297 attingens
417 1222 533 1296 partes,
557 1221 670 1298 egestio
694 1221 794 1296 cbymi

98 1310 185 1387 signa
207 1309 293 1388 gerit.
331 1309 414 1368 cistis
438 1310 517 1369 fellis
542 1310 568 1369 si
591 1309 742 1369 clauditur
764 1311 841 1369 alter

98 1417 188 1474 porus
213 1417 272 1475 quo
296 1398 394 1458 colera
417 1399 496 1475 petit
517 1399 676 1474 intestina,
700 1417 839 1477 suprema

98 1488 168 1565 plus
190 1488 303 1546 infecta
326 1490 411 1564 patet
433 1506 504 1565 pars
528 1488 661 1564 corporis
684 1489 826 1548 inferiore

28 1593 80 1632 raso
98 1578 130 1635 et
151 1576 277 1635 nimium
300 1577 488 1637 stomachum
512 1577 671 1638 conturbat
693 1596 806 1638 nausea
829 1577 969 1654 chymum

98 1666 247 1725 laesivum
268 1667 419 1744 retegens,
442 1667 535 1726 siccat
557 1667 623 1727 sitis
648 1666 733 1726 arida
756 1669 868 1742 fauces,

100 1773 181 1815 escas
205 1753 325 1815 fastidit
347 1758 472 1831 natura,
495 1756 606 1817 doloris
630 1775 755 1817 acumen

99 1844 223 1904 interius
246 1846 370 1924 pungit,
394 1846 531 1923 queritur
552 1845 666 1906 maiore
689 1846 790 1906 dolore

98 1935 220 1993 verticis
243 1935 375 1994 anterior
398 1954 482 2012 pars,
505 1934 642 2014 linguam
666 1937 773 2014 gustus
798 1952 918 1994 amarus

28 2036 80 2077 ress
98 2022 232 2084 offendit.
269 2024 321 2083 sed
343 2024 376 2083 in
397 2024 444 2084 his
469 2044 530 2085 non
553 2028 599 2085 est
621 2025 744 2085 incensa
762 2023 878 2083 duobus

99 2113 218 2173 casibus
242 2115 345 2188 urina,
369 2133 446 2191 quae
470 2115 649 2175 confiteatur
672 2132 797 2173 acumen

99 2201 255 2262 caumatis.
293 2203 472 2262 exhaustum
494 2204 576 2263 virus
600 2204 626 2263 si
650 2221 742 2262 causa
765 2203 806 2263 sit
828 2201 918 2260 huius

100 2309 186 2352 casus
210 2294 241 2351 et
262 2310 380 2351 morsus
404 2292 453 2352 vel
476 2293 600 2369 punctio
623 2292 757 2369 reptilis,
781 2292 865 2369 aegri

99 2379 210 2440 indicio
233 2379 346 2457 poteris
370 2379 441 2439 fidei
463 2379 599 2441 stabilire
621 2383 765 2440 tenorem.

29 2484 81 2523 reco
100 2469 126 2528 si
149 2487 239 2546 porus
263 2466 374 2546 splenis
399 2469 558 2530 obstrusus
579 2489 671 2531 causa
694 2471 735 2529 sit
757 2472 840 2530 artos

99 2558 218 2636 infecti,
240 2559 328 2618 laeva
348 2559 486 2638 grauitas
510 2562 543 2618 in
566 2562 652 2637 parte
674 2560 801 2619 locatur.

172 2647 367 2708 Pneumatosi
389 2649 497 2725 chymo
521 2649 635 2726 duplici
658 2650 707 2708 vel
730 2651 869 2725 apostase
893 2646 1034 2724 splenis

100 2739 198 2797 terrea
220 2739 364 2816 nigrescit
387 2738 571 2814 substantia,
595 2758 664 2799 cum
686 2741 789 2800 tumor
810 2737 904 2797 istum

101 2825 212 2930 erigit.
235 2827 394 2887 obscurum
417 2828 442 2887 si
465 2828 598 2906 splenem
621 2832 737 2888 terreus
761 2828 869 2887 humor

173 2984 243 3033 1340
263 2978 459 3034 affectibusb.
496 2980 532 3048 cf.
511 2980 620 3048 fisos
642 2966 653 3053 11
677 2986 746 3034 1342
767 2980 859 3034 cistis:
886 2979 963 3034 sistis
987 2979 1003 3033 b
1025 2978 1036 3050 11
1059 2983 1138 3035 1343

102 3051 142 3104 sto
168 3051 184 3105 b
245 3055 315 3105 1344
340 3051 514 3122 nichilum(
504 3053 564 3122 (sic)
553 3051 639 3124 111
664 3057 732 3106 1347
761 3051 847 3106 alter:
875 3050 935 3105 altu
962 3051 978 3104 b
1002 3049 1140 3119 (inferior

101 3123 187 3189 Plct.)
243 3127 311 3177 1349
335 3122 469 3177 inferiore
493 3123 509 3178 b
531 3123 541 3195 11
565 3051 688 3190 1331131.
706 3124 764 3178 Ιο..·
790 3120 937 3205 Contingit
959 3137 1074 3190 quoque
1099 3137 1139 3178 ex

102 3193 203 3247 calidis
225 3193 297 3248 cibis
321 3196 350 3249 et
372 3193 495 3263 potibus.
532 3194 578 3250 vel
600 3210 741 3250 venenosa
766 3193 883 3263 potione
901 3192 947 3249 vel
965 3209 1061 3247 morsu
1080 3193 1140 3249 ali

103 3264 182 3318 cuius
211 3264 321 3335 reptilis
350 3266 425 3334 quod
454 3265 641 3335 perpenditur
668 3265 779 3321 indicio
806 3264 982 3335 pacientiam
1008 3264 1053 3333 (dc
1079 3282 1140 3336 quo

101 3336 441 3410 aibilPlct)l11360da
459 3338 552 3407 splene
569 3338 642 3393 31111
660 3340 702 3394 Io.
720 3337 844 3404 ctPlot,
862 3337 910 3392 scd
926 3336 994 3392 Gor.
1011 3336 1136 3406 (Eacol.)

103 3410 130 3473 5,
148 3411 182 3532 1t3
206 3407 346 3477 aliquanti
368 3408 478 3464 icterici
502 3409 571 3464 facti
598 3412 665 3464 suut
693 3426 728 3464 ex
754 3408 851 3477 splene
878 3410 907 3462 et
932 3407 1077 3462 stomacho
1105 3412 1138 3465 et

101 3493 199 3534 venre

175 3555 243 3604 1331
261 3553 336 3607 rubr.
358 3551 518 3621 Splenetice
538 3552 647 3621 species
670 3567 756 3606 cause
776 3549 864 3620 siguis
883 3548 1023 3620 patefiunt
1041 3552 1057 3605 1
