2422 3998
514 186 684 242 mulces

123 333 179 394 hace
197 341 282 417 pestis
306 341 424 399 colerae
446 339 548 412 furiis,
571 339 658 397 dolor
679 341 777 398 instat
799 348 918 413 acutus,

122 422 206 487 fortior
224 433 269 490 est
290 430 411 506 pulsus,
433 429 538 487 effusio
560 430 659 487 tincta
680 428 802 502 rubore,

121 511 220 578 interius
241 537 364 592 cauma,
387 518 491 578 vultus
513 517 618 590 rubor,
641 518 701 576 oris
723 519 821 576 amari

122 620 204 667 emtus
223 613 345 687 gustus,
367 607 499 666 vomitus
520 625 655 680 croceus,
679 607 747 666 silis
770 607 871 683 ampla

122 708 277 772 acescens,
298 700 450 774 punctura
471 696 613 772 frequens
637 696 793 755 stomachi.
829 696 1005 755 manifestet

121 783 199 846 utres
219 807 292 848 vera
314 787 417 860 fidem,
440 787 570 862 speciem
592 788 726 844 scrutare
750 784 868 844 diaetae

120 877 286 950 praeteritae,
308 880 441 953 tempus,
465 877 605 933 aetatem
640 875 731 934 noxia
754 875 848 934 claret

120 966 312 1039 plumemus,
334 964 437 1041 prodit
458 983 527 1023 cum
549 981 664 1022 nausea
685 966 787 1024 nescia
809 965 923 1040 chymi,

120 1065 169 1110 eun
188 1056 271 1116 dolor
290 1053 443 1114 instabilis
464 1073 546 1112 nunc
567 1053 637 1112 hinc
659 1072 740 1112 nnnc
762 1054 833 1112 inde
856 1055 1000 1130 vagatur,

118 1138 189 1203 torno
209 1145 235 1204 si
257 1145 313 1202 fiat
334 1163 403 1203 cum
425 1161 578 1201 murmure
600 1143 723 1203 ventris.
759 1142 937 1201 habundans

118 1225 257 1294 lumbricus
280 1236 366 1292 motu
388 1231 584 1309 perpenditur
605 1231 744 1291 interiori

116 1315 256 1401 ubisque
277 1323 323 1381 rei
345 1339 442 1382 sensu
479 1322 507 1380 si
528 1320 669 1396 squibala
692 1321 767 1379 dura

116 1405 241 1487 officiant,
264 1411 431 1488 patientem
453 1411 588 1484 consule,
610 1411 636 1468 si
658 1411 810 1487 gravitate

115 1498 193 1559 emitti
214 1502 339 1562 solitum
360 1502 405 1559 sic
427 1499 581 1559 clauditur
603 1501 635 1558 et
656 1500 733 1558 latet
754 1500 870 1558 humor.

115 1584 186 1648 sisit
206 1595 380 1667 apostaseos
403 1590 532 1666 speciem
556 1589 706 1665 perpende
728 1589 849 1648 doloris.

113 1671 141 1732 fit
158 1680 271 1758 signum
293 1678 392 1737 morbi
413 1697 505 1738 causa
528 1697 717 1755 quacumque
739 1681 879 1738 manente

113 1769 207 1828 ventris
230 1769 424 1844 constrictus,
446 1767 583 1826 umbilici
604 1767 757 1845 regionem

112 1858 195 1926 pusio
217 1859 425 1936 complectens.
462 1857 596 1916 vomitus
619 1856 799 1933 quandoque
822 1855 927 1932 pericli

113 1939 192 2007 fastus
214 1947 391 2025 perniciem,
414 1946 496 2022 quod
519 1945 661 2005 abhorret
682 1946 789 2023 lingua
812 1945 914 2018 fateri,

113 2029 193 2096 officio
216 2039 340 2114 privans
363 2056 453 2095 auum
478 2034 660 2094 determinat
682 2036 727 2093 ori

114 2159 310 2174 N*

111 2277 195 2332 antiit
212 2295 246 2332 ex
265 2278 371 2331 siccis
390 2278 480 2331 cibis
498 2275 624 2345 stipticis
643 2277 744 2329 durum
759 2273 921 2328 creantibus
940 2277 1055 2329 stercus.
1088 2276 1118 2327 et

109 2345 164 2402 tunc
185 2350 308 2404 sentitur
330 2350 412 2417 qnasi
429 2349 556 2418 gravitas
574 2347 741 2401 intestinum
762 2347 931 2416 comprimat
948 2349 978 2400 et
996 2345 1116 2400 scindat.

107 2421 287 2475 manifestatio
314 2421 348 2474 fit
374 2436 409 2474 ex
432 2419 495 2473 cibo
519 2436 603 2488 quem
627 2422 693 2472 ante
716 2419 908 2488 comed(er)at
951 2419 1056 2471 antiit
1079 2434 1118 2471 ex

105 2488 263 2562 flegmate
275 2493 385 2547 viseoso
399 2493 429 2545 et
442 2491 576 2559 opilente.
607 2492 636 2544 et
648 2491 749 2558 pulsus
761 2490 861 2543 tardus
874 2490 1024 2543 diuturnus
1038 2489 1119 2544 dolor

103 2564 196 2630 gravis
233 2564 294 2617 et'
285 2581 316 2617 m
334 2564 479 2633 egestione
498 2561 650 2630 aliqnando
669 2561 773 2631 flegma
791 2564 918 2630 apparet.
955 2563 1007 2614 aut
1028 2561 1062 2613 fit
1084 2577 1118 2614 ex

102 2635 310 2689 ventositate
346 2651 444 2705 grossa
476 2636 505 2687 et
536 2632 709 2702 intelligitur
742 2649 776 2686 ex
806 2632 902 2686 dolore
935 2629 1116 2685 ambuletivo.

98 2707 294 2776 gurgulstione
317 2709 346 2761 et
370 2704 517 2759 inflatione
541 2705 656 2759 ventris.
699 2706 749 2757 aut
773 2705 807 2757 fit
832 2720 867 2757 ex
892 2704 1116 2786 apostemate.

98 2778 171 2847 quod
193 2795 227 2832 ex
249 2781 330 2832 tactu
352 2776 549 2846 intelligimus
586 2778 705 2844 apparet
728 2776 804 2828 enim
826 2775 1032 2828 extrinsecus
1023 2793 1054 2827 m
1074 2775 1118 2827 in·

95 2849 245 2904 lenioribus
258 2849 373 2904 ventris
406 2848 502 2902 antiit
518 2865 553 2902 ex
569 2847 759 2901 lumbricis.
792 2863 863 2915 qnos
880 2845 1032 2928 aliquando
1051 2861 1119 2914 eger

93 2921 184 2977 vomit
206 2921 252 2976 vel
275 2921 373 2992 egerit.
415 2923 466 2973 aut
488 2935 523 2972 ex
545 2919 736 2973 debilitate
758 2918 932 2972 intestini
974 2918 1042 2986 quie
1067 2917 1118 2969 diu

92 2994 205 3048 retenta
223 2994 332 3063 egestio
351 2994 401 3060 (sic
419 3009 453 3045 ec
472 2992 580 3045 Victieo
599 2990 777 3046 Constantini
794 2994 871 3055 4,17
888 2990 922 3044 de
940 2990 1027 3043 colica
1044 2989 1119 3042 unde

91 3073 119 3121 et
136 3065 293 3142 ΒατϋιἬΉΙ
295 3069 365 3119 1083
383 3063 548 3116 manifestat
566 3062 631 3125 11101
657 3066 727 3115 1084
746 3077 826 3129 spem
844 3062 872 3114 b
892 3077 955 3129 spes
974 3061 1029 3127 11111
1048 3063 1117 3112 1086

90 3140 168 3192 luow
185 3153 293 3192 vernem
311 3153 362 3190 om.
381 3152 408 3189 m
427 3136 472 3200 (iu
488 3136 581 3202 spatio
598 3135 685 3188 sotius
702 3149 795 3186 muso
812 3137 936 3202 nocuo)
932 3136 936 3179 l
967 3135 1036 3185 1090
1055 3147 1117 3184 sen-

91 3225 141 3264 sus
160 3208 216 3290 1111
239 3213 307 3262 1091
328 3206 504 3261 officiantb:
523 3204 651 3258 inficiant
669 3223 727 3258 m
717 3204 727 3273 1
751 3208 820 3257 1092
843 3204 918 3257 hamc
939 3219 1047 3258 verum
1066 3219 1116 3256 om.

91 3278 203 3349 bisic:
224 3279 322 3349 siml
342 3283 411 3333 1093
431 3268 870 3346 s1s1tfistmb111094fitb
891 3275 964 3327 sim.
996 3273 1117 3339 efiGor.

90 3351 187 3420 (Gal.)
202 3354 230 3417 3,
238 3353 275 3405 24
289 3326 334 3416 (ule
347 3350 463 3416 solco),
481 3348 555 3402 mede
572 3354 597 3402 et
615 3350 657 3401 Ιο.
672 3348 706 3402 de
720 3348 747 3403 S
756 3346 868 3400 Paulo
865 3350 964 3414 11096
982 3343 1118 3398 umbelici

90 3426 121 3490 b,
145 3421 280 3475 utabilici
303 3424 362 3491 (sic)
385 3440 420 3476 m.
457 3437 493 3474 ss
512 3418 655 3485 umbilici,
678 3425 711 3472 ot
727 3419 808 3485 infra
828 3436 853 3471 o.
865 3418 965 3486 11311
989 3401 1117 3483 meses.

92 3495 166 3550 Gor
181 3496 229 3561 (ex
243 3495 345 3561 Prisc.)
365 3498 392 3560 3,
402 3497 440 3547 28
461 3490 472 3562 11
496 3494 564 3544 1097
584 3490 688 3544 fassus:
708 3506 808 3559 possus
825 3507 861 3555 m,
880 3452 1119 3557 falsuslblligus

90 3570 121 3623 b:
143 3565 227 3636 signa
242 3564 409 3634 (proligua)
429 3582 483 3621 m.
480 3563 572 3615 1098
590 3563 705 3630 privans
725 3578 809 3615 annm
829 3579 868 3614 m.
887 3560 1015 3629 privatus
1035 3561 1118 3613 anib
