2422 3998
99 210 143 278 98
460 206 574 262 aaron
592 206 760 262 ammons

99 358 305 436 suppeditavit
328 376 412 418 onus.
449 376 519 437 ergo
544 360 598 435 qui
619 357 767 417 morsibus
790 358 882 417 instet
999 405 1002 414 .

100 447 230 524 obliquis
255 446 281 508 si
303 447 405 508 livoris
429 447 575 507 detractio
599 450 735 506 nostrum

29 552 82 594 coss
100 536 288 598 subsannans
313 536 512 613 condempnat
534 555 623 611 opus,
648 539 673 596 si
695 537 773 596 forte
797 534 934 596 cachinni

101 628 260 686 materiam
284 628 424 703 quaerat,
447 628 483 685 tu
505 629 661 702 promptus
685 625 806 685 verbere
828 624 918 685 verbo
961 679 963 683 ,

100 717 142 776 sis
164 715 240 775 mihi
262 734 316 792 pro
340 735 440 790 muro,
464 715 573 793 gladiis
598 716 752 793 accingere
774 717 841 773 iura

101 805 127 866 si
150 822 279 883 nequeas
304 824 438 865 sermone
461 822 545 863 meae
569 803 726 864 defendere
750 823 864 864 causae.

173 980 242 1029 2858
262 975 352 1029 honus
371 975 489 1044 (iterum)
509 973 525 1027 b
541 975 546 1043 Ι
562 974 612 1043 qni
630 975 658 1028 b:
678 974 703 1028 si
722 975 741 1028 d
758 973 768 1046 li
786 979 857 1027 2354
875 973 1005 1028 noeterd
1024 972 1034 1045 Η
1053 978 1129 1028 2866

102 1047 301 1116 condempnat:
321 1048 361 1102 sic
379 1046 415 1100 bd
431 1045 441 1119 Η
459 1049 529 1098 2357
549 1046 708 1115 accingere:
727 1047 767 1100 cic
781 1044 944 1115 succingere
957 1046 1032 1113 pals.
1047 1048 1106 1100 246
1123 1043 1126 1116 i

101 1119 164 1173 iura
183 1119 219 1173 bd
241 1117 251 1189 ll
274 1121 343 1172 2858
362 1133 424 1172 mee
444 1116 470 1171 d.
486 1121 518 1172 ὁὸ
537 1118 564 1172 b:
585 1133 678 1172 meam
703 1117 728 1170 d.
749 1133 862 1171 causam
880 1117 907 1170 d.
940 1116 1076 1185 Saulem
1096 1118 1128 1170 ia

102 1191 118 1245 b
135 1188 258 1259 Explicit
275 1188 396 1243 viations
415 1187 512 1258 egidii,
530 1189 579 1243 sed
596 1189 615 1242 d
633 1205 727 1242 mosem
746 1188 836 1243 adhuc
854 1187 935 1242 addit
951 1204 1057 1254 omenes,
1077 1189 1127 1257 qai

102 1263 217 1316 alteram
234 1262 392 1316 contineam
410 1261 565 1315 clausulam
583 1259 690 1330 frigida
708 1261 862 1314 imitatione
875 1259 980 1326 factam
994 1260 1034 1314 ad
1050 1276 1124 1314 mea·

102 1340 153 1388 tem
173 1333 283 1402 protom·
305 1332 436 1386 carminis
454 1332 594 1403 Epidiami
615 1332 649 1386 de
667 1347 751 1400 comp.
766 1331 834 1386 med.
850 1331 904 1398 IV,
919 1334 1045 1386 59-69.
1081 1346 1124 1386 cos

103 1405 209 1459 exhibet
225 1404 298 1458 Dar.
309 1407 417 1471 p.195:

228 1489 317 1557 Zoilo,
335 1508 411 1545 nunc
428 1494 523 1545 tecum
540 1491 612 1545 mihi
631 1491 668 1545 sit
687 1507 777 1546 sermo
795 1491 920 1545 ultimus.
954 1490 1015 1545 alta

227 1563 299 1617 livor
318 1562 390 1628 adit,
408 1562 561 1617 virtutibus
580 1562 701 1630 invidet,
721 1562 810 1616 ardua
829 1561 929 1631 carpit.
1089 1571 1092 1575 ’

228 1634 252 1687 si
270 1649 335 1688 meo
353 1633 440 1687 livore
458 1634 625 1703 perstringis
645 1630 785 1701 carmina,
803 1634 944 1687 monstras

227 1705 280 1759 hoo
299 1705 361 1773 ipso
380 1705 456 1773 quod
474 1705 558 1759 lande
576 1706 681 1772 nitent,
701 1705 776 1774 qnod
795 1705 892 1759 laurea
910 1705 1001 1759 nostri
1018 1747 1021 1750 .

228 1776 361 1831 carminis
380 1777 512 1831 extendet
530 1776 624 1830 laudis
643 1777 736 1831 decus.
769 1793 835 1846 ergo
854 1792 958 1845 repone

228 1847 337 1918 spicula
355 1847 458 1902 livoris.
492 1864 558 1902 nam
577 1864 660 1916 quem
678 1849 855 1917 prosternere
878 1847 951 1901 livor
1166 1858 1168 1877 ¹

228 1919 329 1973 nititur
347 1919 470 1986 extollit,
490 1922 519 1974 et
539 1919 614 1988 quod
633 1920 716 1973 nocet
734 1935 750 1972 e
789 1919 851 1974 edit
868 1918 952 1973 hosti.
1037 1917 1040 1928 ’

229 2008 291 2046 cum
310 1990 401 2044 laedit
419 1992 514 2058 sanat,
534 2007 597 2044 cum
616 1991 706 2044 saevit
723 2007 773 2045 ver
793 2006 838 2044 ere
857 1989 978 2057 mulcet,

229 2079 292 2117 cnm
311 2061 395 2131 culpa
414 2062 527 2130 culpam
545 2062 673 2127 redimit,
692 2079 756 2115 cum
775 2061 893 2116 crimine
912 2061 1026 2116 crimen.
