2422 3998
139 167 181 233 82
590 163 706 218 99199

138 320 248 374 991999
271 315 364 374 simili
386 315 564 392 disponitur.
602 315 715 391 absque
737 334 843 392 sapore

139 422 221 464 escas
245 405 390 463 mentitur
412 422 502 481 sapor
523 404 685 480 insipidae,
709 405 797 464 faciei

139 494 249 570 pallor,
272 492 304 551 in
327 511 445 553 accessu
469 494 534 553 sitis
558 493 746 569 abbreviata,
769 493 909 554 remissus

69 604 122 644 racc
139 585 170 641 et
193 583 292 641 mollis
315 583 434 658 pulsus,
458 583 543 642 dolor
564 583 708 642 intestina
729 585 893 643 molestans

140 674 194 730 aut
217 672 404 731 stomachum
425 691 510 731 renes
533 675 587 731 aut
610 671 741 747 occiput,
764 675 863 733 acrius
885 673 1003 735 instans

139 761 239 837 passio
262 760 309 820 bis
332 761 410 820 senis
433 762 514 820 horis
537 761 584 820 bis
606 763 712 837 terque
734 761 891 839 flagellans

138 850 258 926 parcius
282 852 313 909 91
334 850 460 909 totidem
483 869 554 910 vera
577 850 703 909 latitura
726 852 839 928 quiete,

139 940 260 999 ubertas
283 941 380 1016 sputi,
403 940 508 1015 pulsus
532 940 685 999 muliebris
708 943 739 998 et
761 943 844 1000 aetas

69 1047 121 1088 mes
141 1029 259 1106 frigida,
282 1028 445 1088 consimilis
469 1029 647 1104 complexis,
669 1028 778 1107 flegma
800 1029 902 1089 diaeta

138 1120 325 1193 instaurans,
348 1120 466 1193 tempus
488 1118 609 1193 hiemis,
631 1122 740 1177 natura
763 1119 910 1194 locomm,

139 1210 166 1267 si
189 1207 323 1280 dubitas,
346 1206 415 1265 fidei
437 1208 561 1283 portant
582 1209 719 1283 inspecta
741 1207 883 1285 sigillum.

212 1295 245 1354 Si
267 1295 358 1354 febris
382 1316 417 1353 ex
441 1296 522 1355 dulci
544 1298 584 1355 sit
605 1297 757 1373 flegmate,
780 1299 931 1373 promitur
954 1299 1015 1356 oris

140 1388 261 1461 accepto
285 1388 390 1462 gustu,
413 1405 506 1444 venae
530 1386 682 1460 pulsatilis
705 1387 767 1445 ictu

69 1493 122 1532 aooo
139 1475 224 1533 molli
247 1493 336 1551 quem
358 1474 444 1533 fortis
469 1474 602 1550 disponit
624 1477 726 1534 motio.
764 1474 855 1534 faecis

140 1563 237 1639 spissa
260 1566 352 1640 nogat
374 1564 467 1622 radiis
492 1564 609 1622 aditum
632 1564 802 1623 substantia
825 1563 922 1639 visus,

140 1652 264 1712 subrufo
287 1652 415 1728 rufoque
438 1654 552 1712 micans
576 1653 755 1729 quandoque
780 1653 886 1713 colore.

140 1743 222 1801 frons
246 1741 346 1820 gravia
369 1744 416 1801 est
439 1742 549 1816 999919,
573 1761 670 1803 comes
694 1746 740 1803 est
761 1742 889 1819 putredo
912 1743 1048 1803 rubentis

140 1850 280 1907 aurorae,
304 1832 405 1891 nullus
428 1833 595 1908 praecurrit
617 1834 666 1892 991
688 1832 786 1892 brevis
811 1832 908 1910 algor,

69 1936 122 1977 aoos
140 1921 192 1980 sed
215 1921 296 1980 calor
320 1923 419 1980 exurit
441 1940 562 1998 corpus,
586 1921 653 1980 sitis
677 1920 882 1995 abbreviatur,

141 2012 190 2070 vix
213 2030 315 2069 veram
337 2011 452 2069 confert
474 2010 615 2069 membris
638 2011 737 2070 brevis
759 2011 834 2069 hora
857 2009 1003 2086 quietem,

140 2100 275 2159 horrenti
298 2099 444 2159 stomachi
467 2100 534 2159 faex
557 2119 644 2158 nares
668 2099 762 2159 laedit
785 2100 883 2158 odore.

211 2189 256 2246 Ex
280 2189 359 2247 salso
383 2189 518 2265 typicum
543 2190 723 2264 productum
744 2189 883 2266 flegmate
907 2187 1045 2247 morbum

213 2327 282 2376 1988
301 2323 417 2376 metitur
441 2324 456 2377 b
484 2323 493 2394 11
523 2327 590 2376 1991
615 2324 659 2377 1999
685 2328 800 2378 c.1991
823 2324 894 2378 male
912 2324 1030 2391 9991199
1049 2330 1115 2392 poet
1137 2340 1162 2378 9.

140 2411 192 2462 seq.
208 2398 279 2448 1992
296 2394 328 2447 99
347 2395 362 2448 b
382 2395 443 2460 (ubi
461 2395 499 2448 cd
517 2398 626 2449 91993
645 2396 677 2448 ia
695 2411 782 2463 czarp.
800 2398 843 2462 -l-)
861 2396 865 2463 1
882 2394 995 2461 occiput
1014 2394 1045 2448 d:
1069 2395 1163 2464 capud

141 2483 156 2535 b
175 2482 187 2563 11
204 2485 272 2534 1999
287 2481 367 2551 119199
382 2484 410 2536 b:
429 2483 527 2550 pasius
547 2483 565 2536 d
582 2488 585 2551 1
601 2499 666 2537 9999
680 2473 782 2536 1911199
797 2484 892 2551 quiete
912 2484 938 2536 b:
959 2498 1054 2536 veram
1068 2483 1163 2538 latura

141 2555 265 2621 qu1etem
284 2554 310 2607 ol.
347 2554 383 2619 cf.
399 2555 472 2609 Plat.
487 2553 577 2607 XVIII
603 2555 687 2608 horas
710 2553 797 2608 habet
820 2555 850 2607 in
873 2553 969 2607 labore
993 2554 1030 2607 ad
1070 2554 1115 2608 199
1134 2557 1164 2610 91

141 2624 187 2677 Vl.
220 2624 251 2677 in
268 2640 333 2678 9999
352 2626 446 2693 quiete
466 2628 516 2694 (Io.
532 2625 680 2680 Cotidiana
696 2626 748 2678 XII
766 2626 850 2679 horas
873 2626 903 2678 in
927 2642 1035 2680 summo
1049 2572 1162 2681 iaborc.

142 2698 171 2750 et
188 2695 226 2749 VI
245 2697 275 2748 in
294 2695 366 2749 19199
386 2697 481 2764 quiete
522 2699 551 2751 91
565 2697 603 2750 Vl
623 2698 694 2751 alias
713 2699 744 2751 19
762 2713 828 2751 9999
847 2697 952 2765 quiete)
970 2696 980 2768 11
1000 2701 1070 2751 1995
1089 2699 1165 2753 brasc

141 2785 164 2822 9.
181 2770 277 2834 (1995)
293 2769 378 2835 plane
396 2786 446 2822 999.
467 2770 482 2822 b
505 2768 514 2841 11
534 2774 602 2821 1996
622 2769 781 2823 instaurans
800 2770 831 2822 d:
850 2768 926 2821 19919
943 2775 1019 2833 991-99
1039 2770 1100 2838 (aie)
1120 2771 1137 2825 b
1154 2770 1164 2842 11

143 2844 210 2892 1997
231 2839 360 2906 inspecta
378 2841 397 2893 d
415 2840 610 2908 1911920451
630 2841 767 2909 inscripta
787 2840 905 2909 (ilc'pta)
925 2840 940 2893 b

214 2914 283 2963 1998
302 2912 376 2964 9999.
391 2910 433 2965 De
448 2912 604 2965 cottidiana
622 2928 657 2966 ex
672 2912 803 2981 flegmate
821 2911 897 2964 dulci
916 2911 932 2964 b
948 2912 952 2979 1
969 2908 1056 2964 Si...
1074 2910 1112 2964 sit
1131 2912 1163 2966 d:

142 2981 196 3036 Sed
215 2981 267 3050 181)
283 3023 288 3033 .
302 3023 324 3034 ..
341 2982 364 3034 91
384 2983 400 3036 b
423 2982 432 3053 11
458 2987 525 3035 1999
546 2986 662 3052 accepto
682 2986 778 3053 gustu:
799 2985 833 3049 cf.
849 2983 922 3036 Plat.
943 2981 1023 3034 adest
1041 2981 1164 3038 dulcedo

142 3078 197 3132 9919
211 3076 220 3149 11
235 3082 305 3130 9000
320 3094 403 3145 quem
418 3080 449 3132 d:
464 3073 599 3148 (19999111)
614 3082 629 3134 b
645 3083 689 3149 (cs.
701 3081 800 3135 Barth.
812 3081 841 3136 0.
852 3079 879 3135 S.
890 3080 945 3145 IV,
955 3082 1008 3133 341
1018 3104 1045 3123 =
1054 3081 1099 3146 ΙΙ,
1109 3084 1165 3136 760

142 3149 240 3216 pulsus
259 3148 339 3202 velox
358 3152 386 3203 et
410 3149 528 3217 spissus,
553 3151 646 3205 mollis
665 3154 694 3205 et
716 3152 826 3221 plenus)
853 3152 856 3222 1
883 3149 1034 3219 deponitb
1057 3149 1067 3221 11
1091 3155 1162 3205 9001

115 3239 119 3246 ·
141 3220 176 3286 cf.
192 3221 266 3274 Plat.
281 3220 363 3273 urina
381 3221 445 3274 rufa
462 3221 507 3275 991
526 3221 643 3276 subrufa
661 3240 711 3291 per
729 3226 820 3277 totum
840 3222 931 3291 spissa
951 3222 960 3292 11
979 3225 1049 3274 9009
1070 3223 1164 3277 oneris

142 3319 172 3371 d:
192 3311 258 3401 herii
277 3318 396 3387 (horam)
416 3320 431 3373 b
451 3318 563 3402 (9991119
582 3319 831 3443 119999991991111
849 3324 919 3402 2004¹
937 3335 1067 3374 aurorae:
1087 3320 1165 3403 91999

142 3389 264 3443 mediam
284 3392 394 3444 noctem
415 3390 542 3444 ascendit
561 3392 635 3445 Plct.
657 3391 666 3463 11
690 3395 759 3445 2005
780 3407 808 3444 se
848 3393 877 3444 d:
898 3392 977 3461 99191
998 3390 1165 3448 abbreviata

143 3461 161 3512 (l
181 3462 225 3530 (cf.
245 3461 277 3514 fit
296 3460 383 3514 febris
457 3461 516 3515 sine
536 3462 584 3514 siti
603 3464 653 3528 Io,
673 3463 733 3516 sine
752 3463 812 3531 tipo
832 3464 917 3530 Piae.)

214 3536 284 3585 9008
303 3534 377 3587 rubr.
397 3532 438 3587 De
458 3533 613 3587 cottidiana
632 3549 666 3587 ex
684 3533 810 3603 flegmati
829 3533 902 3587 99199
922 3534 937 3587 b
