2422 3998
103 205 146 271 90
555 201 669 256 101111

103 355 185 413 aetas
208 354 256 413 vel
279 353 383 414 laevus
408 371 493 412 sexus
517 354 565 412 vel
588 355 724 429 tempora
747 353 845 429 prima

31 460 84 501 1110
103 443 210 502 aetatis
233 445 354 502 tenerae
377 443 425 502 vel
449 442 599 502 desidiosa
622 445 772 517 senectuS,

102 531 150 592 vel
173 532 264 610 plaga
287 532 463 610 frigescens,
486 550 631 610 generans
655 533 704 592 vel
725 532 834 610 flegma
857 531 971 609 diaeta,

103 624 157 680 aut
179 621 298 699 signata
321 621 400 681 notis
425 621 590 696 complexio
614 621 772 698 flegmatis
808 622 883 680 bora

103 710 213 770 cretica
235 704 379 770 materiae
403 710 496 769 durae
520 711 670 788 gravitate
693 713 836 770 moratur.

174 799 303 860 Putrida
325 802 464 858 materies
489 818 550 874 qua
574 817 706 859 causon
730 799 858 859 destruit
880 803 964 860 artus

32 903 84 945 aras
104 888 254 948 clauditur
276 889 309 948 in
331 908 408 949 vena
431 889 539 966 gracili
563 908 640 964 quae
664 889 800 965 proxima
823 888 905 948 cordi

102 980 217 1054 pectori
240 979 377 1054 pulmoni
400 978 553 1037 stomacho
577 978 644 1036 loca
668 978 807 1037 continet.
844 979 936 1036 huius

104 1068 211 1146 collige
235 1067 322 1145 signa
345 1069 398 1127 siti
421 1067 527 1141 nimia,
550 1067 706 1145 nigredine
728 1068 865 1145 linguae,

103 1157 228 1216 fervoris
251 1157 386 1231 damma,
410 1157 533 1216 stimulo
557 1157 729 1215 vehemente
754 1155 880 1231 doloris,

103 1246 193 1322 pulsu
216 1246 313 1306 veloci
336 1246 410 1304 duro
434 1246 488 1321 qui
510 1246 630 1304 sortiter
653 1247 749 1305 instat

33 1350 86 1390 uso
104 1338 135 1394 et
158 1335 273 1410 crebro,
296 1334 391 1394 mixta
414 1334 498 1393 tenui
520 1333 711 1394 mediocriter
734 1337 825 1410 atque

104 1442 244 1500 spumosa
267 1425 349 1483 faece
372 1423 493 1497 iecoris,
516 1423 677 1482 tinnitibus
702 1424 784 1483 auris

102 1514 274 1588 insompnes
298 1513 391 1572 oculis
414 1513 504 1571 horas
528 1513 704 1572 ducentibus
728 1530 844 1587 omnes,

104 1606 135 1661 et
156 1600 274 1661 modica
296 1603 400 1678 requie
424 1635 466 1643 -
490 1601 620 1660 rutilans
644 1619 753 1661 aurora
776 1601 834 1660 diei

104 1692 264 1768 praenotat
286 1692 462 1764 adventum,
485 1693 512 1750 si
535 1691 680 1767 palpebra
702 1710 824 1749 munere
848 1690 966 1766 sompni

33 1794 85 1836 ares
104 1781 228 1859 gaudet,
252 1783 284 1839 in
306 1781 411 1859 ignitis
435 1783 594 1839 versantur
616 1781 753 1857 sompnia
775 1779 913 1838 flammis,

104 1869 237 1929 Accusat
260 1870 389 1930 coleram
412 1869 504 1930 facies
528 1870 636 1929 citrina
659 1870 766 1928 rubore

105 1962 278 2034 commixto,
302 1961 387 2019 dolor
409 1960 441 2018 in
465 1959 570 2018 dextra
592 1959 660 2034 plus
684 1960 769 2034 parte
792 1957 942 2035 flagellat,

104 2049 288 2125 infestatq'ue
312 2052 403 2124 caput
426 2050 551 2123 nimiae,
574 2052 737 2124 venterque
759 2046 879 2106 rebellis

104 2139 248 2197 materiae
272 2139 383 2197 retinet
407 2157 484 2213 quae
507 2138 622 2197 solvere
645 2139 711 2196 iure
734 2139 866 2210 tenetur,

33 2240 86 2280 1100
105 2228 248 2287 exardent
271 2227 352 2285 oculi
374 2227 502 2286 rutilans
527 2244 601 2303 quos
623 2227 746 2286 flamma
767 2224 887 2284 ruboris

104 2317 253 2391 accendit,
275 2317 385 2393 pungit
408 2316 523 2375 colerae
546 2316 631 2374 furor
654 2320 685 2375 et
706 2314 804 2392 magis
826 2314 922 2373 instat

104 2406 150 2464 bis
174 2408 324 2481 punctura
346 2404 420 2464 locis
443 2405 497 2463 ubi
520 2423 611 2464 causa
634 2407 741 2465 nociva
764 2405 890 2463 locatur.

103 2495 172 2553 huic
196 2494 337 2554 adiuncta
359 2493 440 2553 malo
465 2496 536 2552 sunt
559 2496 657 2555 aestas
680 2495 772 2568 sicca,
795 2492 935 2553 iuventus

177 2651 245 2699 2181
261 2646 305 2702 vel
319 2646 358 2715 pl.
368 2646 401 2700 fr.
412 2647 442 2700 d:
458 2646 612 2716 frigescens
626 2645 713 2715 plaga
728 2647 788 2714 (cm.
799 2644 853 2713 vel)
870 2645 886 2698 b
899 2643 909 2716 ll
924 2647 993 2696 2189
1008 2644 1130 2699 cretica:

104 2717 140 2783 cf.
159 2717 263 2773 Simon.
286 2736 307 2774 e.
332 2719 452 2772 creticus
477 2718 537 2772 dies
564 2734 581 2771 a
605 2718 670 2772 crisi
693 2716 711 2770 i.
735 2715 914 2772 iudicativus.
952 2714 1001 2768 sed
1027 2731 1131 2785 grecum

105 2788 219 2842 criticus

177 2865 246 2914 2184
272 2862 346 2915 rubr.
373 2859 415 2914 De
441 2877 560 2914 causone
587 2860 602 2913 b
633 2857 643 2930 ll
676 2864 744 2913 2185
773 2859 803 2912 in
827 2874 900 2913 vena
927 2856 1029 2926 gracili
1050 2883 1077 2903 =
1099 2857 1131 2912 in

104 2929 278 2985 tenuissimis
303 2931 504 3000 (subtilissimis
527 2933 580 3000 10.)
599 2929 677 2984 venis
701 2931 757 2984 oris
779 2928 918 2983 stomachi
946 2928 1038 2982 cordis
1063 2928 1131 2997 pul-

105 3001 195 3055 monis
219 3005 248 3055 et
271 3003 362 3071 epatis
382 3004 456 3058 Plat.
476 3003 546 3071 (Iu).
579 3001 609 3054 in
631 3001 710 3055 venis
734 3001 812 3056 cordi
829 3000 929 3055 vicinis
949 3000 1040 3055 00001.
1060 3001 1129 3056 ciat.

105 3077 161 3140 7,2
182 3071 192 3145 ΙΙ
214 3076 284 3127 2190
303 3074 392 3127 mixto
411 3075 427 3128 b
450 3074 460 3146 ll
483 3079 551 3127 2191
571 3071 681 3141 yecoris
701 3074 716 3127 b
737 3075 741 3143 1
762 3089 843 3126 aures
862 3074 878 3126 b
900 3071 910 3144 ll
933 3070 1130 3140 119111001-

104 3142 194 3213 pebra
212 3162 262 3197 m:
282 3144 331 3199 sed
350 3143 488 3214 palpebra
506 3160 621 3198 manere
641 3145 664 3211 b,
684 3144 775 3198 morbi
794 3145 884 3213 (male)
907 3157 1023 3196 munere
1042 3144 1061 3197 d
1080 3144 1090 3213 (
1123 3184 1130 3198 .

106 3216 131 3269 si
156 3231 270 3269 munere
292 3216 383 3286 Dae).
424 3217 458 3283 cf.
481 3218 522 3270 Io.
544 3216 655 3284 requies
681 3215 766 3270 nulla.
808 3216 883 3270 circa
907 3229 989 3268 mane
1014 3213 1131 3269 modica

105 3287 232 3340 remissio
255 3285 266 3360 Η
289 3292 359 3341 2196
383 3287 484 3341 citrino
507 3288 526 3341 d
550 3289 614 3355 (-na
637 3289 663 3357 b)
685 3287 695 3359 Η
716 3292 785 3341 2197
811 3286 962 3341 commixta
985 3286 1000 3339 b
1023 3283 1033 3357 ll
1056 3290 1130 3340 2198

105 3359 210 3412 nimius
235 3358 267 3413 d:
292 3358 396 3412 nimius
423 3358 500 3413 color
524 3359 609 3428 (add.)
636 3360 651 3413 b
676 3358 686 3430 ll
711 3364 780 3412 2199
806 3357 925 3412 materie
1009 3356 1072 3410 iure
1099 3358 1128 3412 b:

105 3431 207 3484 nature
224 3429 350 3485 ...iura
373 3432 392 3484 (9
416 3429 426 3502 ll
451 3433 520 3483 2299
543 3431 583 3484 sic
606 3430 637 3496 d,
663 3431 710 3485 sed
733 3431 749 3485 b
771 3431 851 3485 babet
873 3429 920 3482 bic
943 3426 1026 3482 addit
1051 3427 1130 3485 malo

107 3500 264 3569 complexio
290 3502 342 3569 (9⁰)
368 3502 452 3555 sicca.
485 3501 609 3554 minatur
633 3503 746 3571 (mauce)
770 3501 804 3567 cf.
820 3501 991 3556 Constabat.
1007 3503 1066 3565 7,2
1092 3499 1130 3555 dc

107 3571 200 3628 colera
211 3573 385 3628 ...nascitur
400 3572 599 3640 utplurimum
613 3573 643 3626 in
658 3570 814 3638 iuvenibus,
834 3589 952 3640 quorum
969 3570 1130 3638 complexio
