2422 3998
481 125 649 181 VIATIOUS

55 276 215 334 insinuant
237 276 358 354 linguae
382 277 478 336 salsus
502 294 604 354 sapor,
627 277 702 336 hora
725 277 879 356 flagellum

10 388 34 426 ro
57 384 140 424 nona
162 365 236 423 mali
258 383 419 441 renovans,
442 366 567 426 fervoris
591 367 731 443 praevius
754 367 853 446 algor,

58 454 224 514 consimilis
247 453 341 512 minio
364 455 432 513 faex
455 455 611 534 sanguinis
634 458 665 514 et
686 457 865 516 mediocrem

58 548 151 602 naota
173 545 301 617 statum,
324 544 428 619 pulsus
451 545 538 603 velox
561 548 591 604 et
613 544 734 604 fortiter
755 545 885 622 instans,

58 633 209 710 pruritus,
231 632 359 692 reboans
382 633 483 693 crebro
507 635 634 693 tinnitus
658 633 690 715 in
714 653 793 694 aure.

60 741 196 782 escarum
219 721 335 798 sopitus
359 741 456 797 amor,
479 722 546 782 sitis
569 722 770 799 inmoderata,

10 829 39 870 ue
62 812 100 871 ad
123 812 220 871 noctis
243 810 372 869 mediam
395 813 535 871 stimulus
559 812 750 889 protenditur
772 815 885 874 horam.

134 899 236 959 Febris
261 902 373 960 acetosi
395 901 452 959 tibi
475 904 610 976 praestat
631 901 782 980 flegmatis
806 905 905 962 ortum

62 990 156 1066 copia.
194 989 328 1048 membra
352 991 464 1065 quatit,
489 1009 556 1050 oum
579 992 752 1066 vespertina
775 992 907 1052 laborem

62 1079 179 1139 emeriti
201 1080 274 1139 solis
296 1079 437 1138 membris
459 1081 560 1139 latura
583 1081 715 1158 quietem

62 1170 161 1246 caligo
184 1170 311 1242 resecat,
335 1172 366 1228 et
389 1169 554 1229 subcitrina
576 1169 702 1229 remissa

10 1280 41 1319 uo
62 1257 189 1335 pallenti
212 1257 318 1316 similis
341 1258 531 1318 mediocriter
553 1261 711 1318 attenuate

61 1348 131 1407 faex
154 1347 264 1422 epatis,
288 1347 370 1406 calor
392 1347 526 1425 algorem
548 1348 647 1408 brevis
669 1348 889 1407 inmoderatum

62 1437 269 1511 subsequitur,
293 1435 426 1514 gravitas
450 1438 582 1498 onerosis
606 1437 732 1497 artubus
755 1439 847 1497 infert

63 1527 235 1603 segnitiem,
259 1524 343 1584 cibus
365 1525 397 1584 in
421 1529 512 1604 gustu
535 1527 584 1587 vel
607 1529 695 1602 potus
720 1529 843 1601 acescit,

64 1615 169 1674 debilis
194 1616 224 1672 et
247 1616 346 1690 segnis
370 1617 416 1674 est
438 1616 556 1691 pulsus,
582 1617 614 1674 in
636 1618 722 1692 parte
746 1616 869 1677 sinistra

10 1724 41 1764 as
63 1703 269 1782 pneumatosis
291 1703 389 1763 maior
411 1705 570 1780 stomaohi,
595 1704 722 1782 digestio
747 1706 850 1780 cruda,

63 1813 134 1853 rara
157 1793 238 1867 sitis,
260 1795 364 1852 ructus
388 1812 484 1868 acres,
507 1795 557 1853 vix
580 1793 682 1853 debita
705 1794 797 1855 solvit

62 1885 181 1957 venter,
204 1883 365 1941 sumendae
390 1882 475 1958 dapis
499 1885 545 1942 est
568 1884 679 1942 effrena
697 1884 847 1943 voluntas.

136 1971 300 2050 Flegmatis
324 1972 445 2031 effectus
468 1973 556 2031 vitrei
579 1975 662 2047 sunt,
685 1973 796 2048 inpotit
818 1975 902 2032 artus

63 2061 194 2120 insultus
217 2062 314 2136 primo
338 2061 507 2121 vehementi
529 2061 654 2139 frigore,
677 2061 752 2121 lenti

10 2170 43 2211 eo
64 2149 229 2228 frigdorem
252 2149 389 2226 sequitur
411 2150 537 2210 fervoris
559 2151 682 2210 flamma
704 2155 870 2226 tepescens,

64 2241 171 2317 pulsus
193 2241 226 2298 in
248 2240 364 2299 insultu
387 2239 486 2299 brevis
510 2242 556 2299 est
579 2243 609 2299 et
633 2240 752 2315 debilis,
775 2239 857 2300 horis

64 2329 218 2388 nocturnis
241 2331 368 2389 renovat
390 2329 482 2388 febris
505 2329 624 2388 exitiale
648 2330 801 2407 periclum.

64 2417 192 2495 limpida
215 2417 384 2494 resplendet
408 2418 510 2478 albens
532 2420 633 2494 urina,
657 2419 782 2496 globosa

139 2610 207 2659 2011
227 2606 315 2660 minio
334 2607 364 2661 d:
384 2608 482 2660 ircimo
498 2608 507 2675 (
528 2609 556 2675 ’0
572 2607 588 2661 0
603 2607 694 2675 (urina
708 2606 771 2660 rufa
784 2606 830 2662 vel
848 2605 965 2660 subrufa
978 2608 1063 2676 Plau)
1080 2607 1083 2678 0

64 2677 237 2731 mediocrem
256 2679 287 2731 d:
307 2678 378 2731 -cris
397 2679 413 2732 0
432 2677 621 2746 (mediocriter
639 2679 732 2732 tennis
752 2681 781 2733 et
798 2679 978 2733 mediocriter
996 2678 1087 2747 spissa

66 2750 141 2805 Plat.
161 2749 196 2814 cf.
212 2751 263 2818 Io.)
282 2748 291 2820 00
311 2754 379 2802 2012
398 2749 509 2818 pulsus:
528 2750 564 2816 cf.
578 2751 619 2804 Io.
634 2749 748 2816 pulsum
765 2750 890 2804 velocem
909 2751 938 2804 et
956 2749 1086 2818 spissum,

65 2820 144 2874 sitim
164 2822 193 2873 et
211 2820 397 2875 nausiam
415 2820 425 2893 00
444 2826 514 2874 2010
532 2819 652 2874 reboans
671 2821 702 2874 d:
721 2819 821 2874 rubras
840 2823 856 2876 b

139 2897 209 2945 2010
229 2892 304 2946 rubr.
324 2891 366 2945 De
389 2892 547 2946 cottidiana
568 2907 602 2946 ex
624 2891 756 2960 flegmate
780 2894 893 2947 acetoso
917 2893 933 2947 0
954 2893 957 2961 0
978 2893 1087 2960 prestat

66 2965 152 3034 <pr-at)
173 2964 188 3016 0
208 2964 312 3032 (stant
331 2965 359 3032 d)
380 2965 384 3032 0
405 2965 468 3017 ortu
488 2965 515 3018 b:
536 2964 629 3017 ortid
651 2963 661 3035 00
684 2968 754 3016 2018
774 2965 896 3019 emeriti:
917 2963 1087 3030 emerituri,

67 3053 165 3124 euirati
184 3051 230 3143 000
248 3074 317 3123 2019
337 3072 446 3124 resecat
464 3071 506 3125 bd.
540 3071 575 3136 os.
591 3071 665 3125 Plot.
685 3070 716 3123 in
734 3086 794 3124 sero
814 3070 916 3139 incipit
935 3069 1060 3140 affligere
1078 3069 1088 3141 00

66 3146 138 3194 2022
157 3142 302 3195 honerosis
322 3141 365 3267 000
384 3146 454 3194 2024
474 3143 528 3195 est:
548 3143 588 3196 sio
606 3142 642 3195 db
658 3144 662 3210 0
678 3141 709 3194 in
728 3143 756 3196 b:
776 3158 827 3196 om.
846 3143 865 3197 d
883 3141 892 3213 00
911 3146 981 3196 2020
1000 3157 1088 3209 pneu-

66 3214 152 3267 matis
172 3215 216 3267 est
233 3231 270 3265 m.
291 3215 324 3282 (2)
380 3212 390 3285 00
411 3216 481 3266 2026
499 3214 599 3280 ruptus
619 3214 635 3268 0
655 3215 744 3282 (rutus
764 3219 776 3266 2
795 3213 823 3281 d)
844 3212 854 3285 00
875 3218 944 3267 2027
965 3214 1052 3281 dapes
1072 3213 1088 3268 0

140 3289 211 3338 2028
233 3286 309 3339 rubr.
332 3284 374 3339 De
398 3283 553 3338 cottidiana
576 3301 611 3338 ex
633 3283 766 3354 flegmate
783 3285 873 3338 vitreo
893 3285 908 3338 0
930 3285 933 3353 0
955 3284 1022 3338 eff’o
1041 3285 1057 3338 0
1082 3283 1085 3356 0

67 3356 135 3409 sunt
154 3357 182 3409 b:
202 3355 290 3409 febris
307 3357 327 3410 d
348 3355 358 3428 00
384 3360 453 3408 2029
473 3355 574 3408 insult9
593 3357 621 3410 b:
641 3359 690 3409 ·tu
709 3356 728 3409 d
744 3359 747 3425 0
764 3356 869 3424 frigore
888 3356 951 3424 (tle)
971 3356 999 3410 b:
1020 3355 1088 3424 frig-

67 3428 136 3481 dore
155 3428 245 3496 (mole)
268 3428 288 3481 d
309 3427 319 3499 00
342 3432 412 3480 2030
436 3427 589 3496 frigdorem
607 3427 638 3481 d:
658 3443 705 3481 -re
728 3429 744 3482 0
766 3427 776 3499 00
800 3432 868 3481 2033
888 3427 923 3493 of.
939 3427 1038 3482 Bortb.
1057 3429 1089 3481 irc

68 3499 137 3553 Ooll.
152 3499 210 3553 Sal.
225 3501 268 3566 11,
283 3502 335 3554 751
355 3502 454 3568 (praet.
470 3499 499 3554 0.
515 3498 542 3553 S.
558 3499 611 3565 IV,
626 3502 694 3568 342)

901 3604 935 3657 a&
