2422 3998
986 124 1089 181 XXVII

62 280 118 339 fol.
139 279 216 353 237,
237 280 269 352 9,
292 296 350 336 non
371 296 441 337 vero
463 277 592 337 auctoris
612 276 738 336 Arnoldi
761 277 797 335 de
813 277 987 352 Villanova‚
1010 278 1090 336 sicut

64 389 102 428 ex
124 367 223 446 ipsius
242 366 397 443 Amplonii
418 366 554 445 catalogo
576 363 619 443 [p.
639 367 702 425 828
726 365 803 424 med.
824 364 879 442 72]
899 385 987 443 saepe
1011 385 1089 426 erro·

64 476 122 518 neo
156 475 212 534 pro
244 476 326 516 more
359 475 413 516 suo
445 455 601 516 utentibus
636 455 740 515 multis
776 455 943 532 pernicioso
979 457 1090 534 repetit

65 537 196 627 Schum)
220 549 251 605 et
455 581 456 585 =

141 637 173 694 3.
191 635 213 694 f.
229 634 409 694 3lb-34b
431 628 551 693 ‘Liber
570 653 675 694 vacce
693 633 859 693 translatus
879 652 897 692 a
915 632 1088 695 1111.οω-

62 726 207 785 monensi
224 723 260 782 de
284 722 404 783 arabico
427 724 460 782 in
487 724 618 782 latinum
651 723 733 800 apud
763 723 899 781 toletum.
934 723 1017 799 Epla
1041 721 1090 782 am

63 815 125 874 filii
158 812 268 873 abrahe
300 811 448 872 nominati
478 812 559 872 fflius
590 811 760 872 mocellaris
788 811 824 870 de
853 812 1089 888 proprietatibus

66 904 109 965 ad
131 903 283 980 quendam
305 896 577 980 consanguineum'
592 947 599 962 .
615 950 621 964 .
638 949 644 960 .
663 893 714 984 (cf.
737 899 976 961 Steinschneider
998 900 1089 960 Hebr.

66 981 157 1054 llbss.
175 1012 206 1069 p.
219 993 293 1051 849.
313 984 401 1073 706).

141 1079 285 1157 Sequitur
312 1099 383 1156 pars
414 1080 584 1155 chartacea,
616 1080 702 1139 cuius
729 1080 827 1156 primo
859 1079 933 1138 folio
964 1070 1089 1160 (vacuo)

66 1169 245 1231 inscribitur
274 1165 347 1228 ‘Hic
378 1168 527 1228 habentur
558 1169 595 1227 de
624 1169 774 1228 medicina
804 1169 930 1228 diversa.
967 1168 1000 1226 T.
1021 1161 1089 1228 10’.

65 1259 237 1322 abscissum
273 1259 356 1318 deest
391 1258 498 1318 folium
535 1257 698 1318 secundum
729 1277 797 1317 cum
827 1257 916 1317 initio
949 1275 1090 1318 versuum

63 1349 188 1410 duobus
211 1347 358 1408 columnis
381 1349 562 1424 scriptorum

141 1440 172 1498 4.
195 1437 216 1496 f.
238 1438 278 1496 36
297 1429 307 1519 ll
326 1432 482 1496 ‘crebrius
505 1438 537 1495 in
560 1437 627 1496 levo
651 1455 724 1496 sexu
742 1436 797 1496 sub
819 1437 953 1513 tempore
970 1429 1090 1494 brume’

62 1523 111 1610 (v.
139 1524 219 1604 196)
330 1519 364 1608 (f.
389 1528 480 1585 44a1
511 1520 638 1602 ‘Incipit
667 1525 703 1585 de
732 1517 896 1608 febribus’)
926 1544 1022 1601 usque
1052 1524 1091 1583 ad

62 1619 87 1678 f.
103 1616 200 1677 47b2
221 1609 370 1692 ‘Explicit
388 1615 547 1675 viations
567 1609 704 1693 egidii’.
728 1614 779 1674 ubi
797 1614 993 1693 subiungitur
1012 1606 1090 1695 (vice

62 1705 203 1785 prosaici
230 1704 311 1782 apud
342 1703 500 1764 Ohoulant.
523 1725 553 1781 p.
573 1698 651 1784 158)
679 1703 768 1763 breve
795 1703 912 1763 librarii
933 1704 1091 1762 metricum

62 1793 256 1874 prooemium
279 1794 348 1853 hoc:

144 1885 174 1944 5.
192 1883 214 1941 1.
225 1883 333 1943 47b2=
343 1877 457 1941 ‘Firma
465 1881 611 1941 memoria
623 1881 659 1940 fit
671 1881 774 1940 metris
785 1873 984 1962 ...(of.supra
995 1902 1024 1958 p.
1033 1873 1090 1959 XI)

65 1967 158 2058 (inc.)
192 1967 265 2032 ‘Res
293 1973 374 2032 aloes
402 1972 519 2050 lignum
545 1970 689 2048 preciosa.
717 1971 758 2030 sit
789 1969 846 2029 hoc
872 1969 929 2028 tibi
956 1963 1092 2047 signum'

114 2055 283 2123 .‚.‘Thus
307 2061 388 2139 quod
411 2062 550 2120 clarescit
572 2059 700 2120 candens
724 2059 866 2138 contagia
888 2055 1005 2119 nescit’.

67 2151 208 2231 sequitur
231 2151 360 2210 alterum
382 2151 571 2227 prooemium
593 2149 662 2208 hoc:

184 2234 275 2299 ‘Post
297 2239 421 2316 simplas
446 2238 685 2298 commendemus
709 2237 847 2298 antidota
869 2237 977 2313 mixta,

184 2329 394 2404 electuarium,
417 2329 536 2403 laxans,
558 2346 687 2406 ungens,
711 2321 866 2403 opiatam.'

67 2411 159 2503 (inc.)
184 2412 296 2478 ‘Renes
319 2421 350 2477 et
372 2437 489 2493 reuma,
512 2418 590 2495 lapis
613 2419 644 2476 et
667 2419 772 2494 caput,
796 2415 898 2495 algida
920 2417 1029 2475 matrix

115 2507 301 2568 ...inducit
324 2525 481 2584 sompnum
503 2507 642 2566 manibus
665 2505 740 2583 pede
763 2508 900 2582 tympore
923 2506 1023 2565 tactis.

184 2596 317 2674 Explicit
339 2596 481 2675 egidius
505 2597 545 2656 de
569 2595 711 2671 simplis
734 2588 1036 2671 compositisque'

67 2680 140 2771 (ubi
154 2685 197 2746 sic
214 2687 247 2744 in
260 2685 360 2762 Ampl.
376 2705 424 2762 qu.
442 2687 504 2745 182
520 2680 704 2763 ‘Expliciunt
717 2702 820 2744 versus
838 2684 977 2761 magistri
990 2681 1093 2760 Egidii

66 2780 136 2837 tam
158 2775 195 2834 de
218 2775 387 2854 cognitione
411 2776 577 2852 specierum
600 2792 691 2852 quam
717 2773 949 2833 electuariorum
970 2771 1091 2832 virtuti·

66 2866 137 2926 bus.
164 2864 380 2924 medicinarum
394 2865 626 2941 emplastrorum
639 2863 772 2922 oleorum
786 2864 817 2921 et
834 2853 1092 2941 unguentorum’).

146 2955 174 3012 6.
198 2954 219 3013 f.
234 2954 392 3013 48-671)
409 2948 631 3030 ‘Amphorismi
648 2952 791 3012 Iohannis
809 2951 989 3012 Damasceni
1010 2948 1091 3009 filius

68 3037 262 3120 Serapionis'
289 3062 356 3102 cum
387 3042 507 3102 insertis
539 3045 645 3120 postea
675 3041 708 3100 in
740 3041 843 3119 fugam
875 3039 973 3099 relicti
1003 3040 1092 3099 vacui

68 3127 150 3216 (alia
172 3133 285 3208 partim
306 3151 399 3192 manu
422 3133 442 3190 f.
463 3132 644 3192 sch-ssa
667 3129 831 3207 eademque
855 3130 876 3188 1.
897 3121 1091 3208 70a-72a)

67 3221 271 3282 miscellaneis
290 3221 383 3281 variis
401 3221 525 3281 medicis
543 3222 564 3280 1.
581 3219 761 3281 osb-571³
781 3221 811 3278 et
829 3220 849 3277 f.
866 3218 906 3278 88
920 3209 1091 3300 (70)-73.

147 3311 174 3369 7.
197 3311 218 3369 1.
239 3312 281 3370 74
314 3303 367 3392 (al.
395 3302 450 3393 m.)
483 3306 542 3370 ‘De
578 3308 713 3369 moribus
744 3301 913 3367 hominum’
946 3301 1023 3388 (sive
1056 3307 1092 3366 de

68 3399 327 3476 complexionibus
360 3400 523 3460 secundum
555 3400 723 3460 doctrinam
757 3397 896 3475 magistri
928 3395 1092 3457 Alexandri

68 3489 206 3549 eiusdem
229 3489 282 3566 qui
305 3482 467 3571 sequitur).
