2422 3998
99 201 139 267 14
546 197 659 254 sumn

96 367 189 408 annos
213 348 350 424 infestat,
374 352 405 409 et
426 350 527 425 passio
550 350 658 408 fortior
679 350 760 408 horis

95 441 179 497 mota
202 438 403 499 melancolicis
427 438 586 515 autumpni
607 441 744 515 tempora
767 442 875 499 servat.

96 525 129 584 Si
151 526 249 585 morbi
272 546 392 586 causam
415 528 586 588 stomachus
609 528 702 604 capit,
724 529 840 607 ingruit
862 527 927 589 illic

95 616 195 692 passio
219 635 296 691 quac
319 619 403 677 motu
427 617 558 677 violento
581 617 697 676 viscera
719 618 830 677 turbat.

38 720 77 758 2⁹⁰
95 709 165 782 post
186 723 284 765 escam
307 707 493 766 stomachum
516 708 624 784 gravat
646 705 818 784 indigestio,
840 708 962 768 morbus

96 796 160 873 lege
184 795 243 855 loci
265 797 389 872 cogente
412 813 482 854 suos
505 796 669 872 interpolat
692 799 785 856 actus.

96 883 129 942 Si
152 883 270 944 cerebro
294 885 394 943 vicina
417 885 513 943 latens
538 887 653 944 occasio
676 885 776 963 gignit

96 993 221 1049 errores,
245 975 337 1050 caput
359 973 484 1032 infestat
506 973 560 1049 qui
581 974 657 1034 fixus
679 973 790 1033 ibidem

96 1063 252 1123 continuat
274 1065 425 1122 tormenta
447 1063 544 1137 dolor,
569 1082 622 1122 nec
645 1062 749 1123 devius
773 1082 854 1123 error

38 1165 77 1205 2⁹5
96 1155 205 1226 cessat,
228 1172 282 1211 nec
304 1151 383 1211 ratio
401 1152 481 1211 redit
502 1154 669 1228 intercepta
692 1171 745 1228 per
766 1154 865 1213 horas.

168 1241 223 1300 His
246 1241 281 1300 fit
303 1243 376 1300 nota
399 1242 478 1301 notis
501 1242 695 1318 apoplexia
717 1242 817 1319 passio
836 1243 958 1302 maior.

96 1331 261 1391 destruitur
284 1329 379 1389 virtus
402 1331 529 1405 motiva,
552 1330 712 1406 superstite
736 1331 800 1392 solo

96 1423 180 1478 motu
202 1419 366 1496 pulmonis,
390 1421 444 1496 qui
466 1421 548 1479 cordi
571 1419 672 1479 debita
695 1420 786 1480 solvit

96 1528 163 1568 acre
187 1509 310 1585 spirato.
346 1512 447 1569 tamen
470 1511 526 1569 hoc
549 1510 600 1568 vix
622 1529 743 1568 munere
767 1510 880 1588 gaudet

38 1612 78 1651 soc
96 1600 222 1657 naturae
246 1597 341 1658 virtus
363 1600 425 1658 iam
447 1597 628 1674 desponsata
648 1598 763 1657 ruinae.

96 1688 229 1748 officium
252 1691 348 1747 cessat
371 1706 489 1762 sensus,
511 1707 566 1748 nec
588 1688 694 1765 lingua
716 1687 865 1764 loquendo

96 1777 244 1854 interpres
267 1777 376 1837 mentis
400 1777 494 1836 animi
516 1781 630 1837 secreta
653 1777 794 1851 recludit,

97 1884 151 1926 nec
173 1886 272 1925 rerum
295 1867 407 1926 formas
431 1868 534 1927 oculus
557 1886 693 1927 rerumve
716 1866 829 1926 colores

97 1955 224 2033 suscipit
246 1958 410 2032 inpressos,
433 1976 487 2016 nec
510 1958 614 2033 pervia
637 1955 759 2016 vocibus
784 1957 865 2015 auris

39 2056 78 2097 ooo
96 2045 150 2105 dat
172 2045 270 2106 verbis
294 2045 424 2120 aditum,
448 2065 502 2106 nec
525 2047 702 2106 discretivus
726 2045 850 2104 odorum

97 2134 227 2196 deservit
249 2152 353 2195 sensus
377 2137 508 2209 animae,
530 2153 585 2195 neo
607 2136 713 2212 lingua
735 2153 876 2210 saporum

97 2225 245 2302 gustando
268 2225 381 2302 species
404 2225 569 2299 examinat,
593 2222 729 2283 omnibus
752 2244 813 2282 una

98 2313 223 2373 artubus
246 2313 339 2372 unitis
363 2315 463 2372 tactus
487 2315 583 2372 vacat.
621 2312 719 2372 obluit
741 2332 794 2371 ora

97 2421 204 2479 spuma
226 2404 303 2461 citae
327 2420 473 2480 praesaga
496 2402 589 2475 necis,
613 2403 767 2461 conamine
791 2404 906 2460 tractus

40 2503 149 2550 ³1⁰aer
172 2492 308 2551 stertenti
332 2490 446 2569 subigit
468 2490 633 2567 spiramina
656 2492 729 2550 nari.

96 2581 239 2640 terminat
261 2581 317 2640 hoc
340 2581 401 2640 cita
424 2584 504 2639 meta
527 2582 647 2640 malum.
685 2598 753 2638 nam
777 2581 842 2639 fcta
865 2598 1005 2655 suprema

170 2773 221 2823 286
240 2769 332 2823 forcor
351 2770 378 2822 b:
398 2768 503 2823 forcius
522 2787 549 2824 m
571 2771 580 2840 l
604 2774 655 2821 287
676 2768 824 2836 autumpni
844 2785 883 2821 m:
907 2783 943 2820 au
994 2770 1039 2822 ent

99 2845 150 2895 288
168 2841 242 2895 rubr.
263 2839 351 2910 Signa
374 2839 399 2892 si
422 2840 481 2894 sint
503 2855 537 2894 ex
560 2806 705 2895 eiomscho
728 2839 824 2892 mania
847 2841 876 2893 et
898 2839 1038 2893 meancol

99 2912 186 2982 Signa
209 2912 234 2964 si
258 2911 315 2965 sint
338 2922 356 2964 a
378 2911 523 2966 stomacho
547 2910 585 2963 ΠΙ
608 2929 635 2966 m
657 2910 667 2982 ll
688 2915 741 2964 000
759 2909 873 2964 morbus
891 2927 931 2964 m:
954 2909 1039 2965 morb:

99 2990 150 3039 000
169 2984 243 3038 rubr.
264 2982 351 3052 Signa
369 2983 394 3036 si
413 2983 470 3037 sint
493 2982 523 3037 in
542 2981 655 3037 cerebro
674 2983 698 3047 b,
723 2981 810 3051 Signa
833 2982 857 3035 ei
881 2981 938 3035 sint
961 2997 978 3034 a
1002 2998 1039 3036 cer

98 3054 422 3127 mmmwmstm

170 3131 222 3180 296
240 3126 315 3180 rubr.
332 3072 422 3196 1digna
445 3125 560 3179 maioris
583 3124 732 3194 apoplexis
751 3126 795 3180 bm
815 3126 819 3192 Ι
839 3123 902 3177 Hiis
922 3124 938 3177 b
954 3126 958 3192 Ι
979 3123 1012 3177 fit
1029 3125 1039 3178 l

98 3216 125 3252 m
141 3202 145 3268 Ι
162 3197 342 3267 appopletica
360 3199 376 3252 b
393 3197 403 3269 ll
423 3201 474 3250 200
493 3212 608 3251 munere
627 3197 655 3251 b:
674 3211 815 3250 murmure
834 3214 861 3250 m
878 3195 889 3266 ss
909 3199 961 3249 304
981 3195 1039 3248 auri

98 3285 159 3323 -res
174 3271 189 3323 b
203 3268 212 3341 ll
226 3274 278 3324 005
293 3269 343 3323 dat
356 3287 395 3323 m:
415 3285 465 3323 om.
483 3269 499 3322 b
518 3270 566 3336 qui
585 3268 712 3322 auditum
727 3268 736 3340 Η
750 3272 802 3322 006
817 3278 907 3335 sapor
929 3268 957 3321 b:
978 3282 1038 3321 -ren

99 3345 150 3395 007
169 3356 227 3394 una
245 3359 284 3396 m:
303 3357 375 3394 unus
395 3342 411 3395 b
427 3339 439 3423 ll
457 3344 510 3393 008
527 3339 628 3393 unitis:
647 3340 743 3394 unitus
763 3340 787 3405 b,
805 3338 895 3391 virtus
913 3356 940 3393 m
956 3341 960 3407 Ι
976 3337 1038 3392 obln

99 3411 201 3467 oblinit
219 3430 246 3466 m
269 3412 278 3484 ll
301 3416 353 3466 000
373 3428 449 3466 neore
468 3428 509 3465 m:
527 3411 606 3465 nocis
625 3412 641 3465 b
661 3413 665 3479 Ι
686 3412 794 3465 tractus
818 3410 846 3464 b:
869 3412 963 3464 tactus
981 3427 1009 3464 m
1030 3408 1038 3482 ll

99 3500 219 3570 subigit:
244 3501 349 3555 subicit
367 3502 410 3555 mb
430 3503 434 3569 Ι
455 3499 610 3568 spiramina
629 3517 667 3554 or:
691 3497 833 3569 spiracula
852 3499 867 3553 b
890 3499 900 3570 Η
923 3503 973 3552 011
995 3503 1038 3553 br

98 3573 172 3643 (hec)
190 3574 206 3627 b
223 3576 226 3642 Ι
243 3573 316 3627 scita
334 3574 351 3627 b
